2206 2735
1040 23 1111 58 114

1035 205 1136 241 151.

154 288 261 331 Polis!
293 286 447 319 (Ἰιίηιήκ
485 285 537 319 t'l.
576 286 773 329 lwouslrayl
809 286 870 319 den
902 285 1074 317 Ulnmtz-et·
1103 283 1253 327 Bis-eleos
1273 283 1409 316 ,lolemm
1439 287 1503 317 ele.
1543 285 1643 327 dosilr
1682 295 1720 317 :m
1750 295 1886 326 sot-you.
1922 282 2000 315 dass

154 349 207 381 div
235 347 338 380 ‹lm-ch
368 347 422 380 dic
454 346 659 389 Ernenmmy
689 345 846 379 Jolumns
876 356 947 378 z-etm
978 344 1128 388 Bisehof
1148 356 1210 377 rou
1242 338 1438 386 Nonmlmrq
1467 344 1632 388 erledr'yle
1665 344 1789 387 l’snrre
1826 355 1866 376 zu
1904 342 2001 375 λ’(ἰι-

155 407 264 440 marlcl
293 408 324 440 in
354 407 415 440 der
443 406 632 440 Breslum'i·
661 406 809 440 Dim-est*
837 406 909 439 dem.
941 405 1103 447 Biseleofe
1137 404 1348 437 'I'lwmloriclt
1382 416 1442 436 ron
1468 404 1657 448 Schleserfiq
1686 405 1850 437 rexerrirl
1881 402 2001 435 werde.

775 466 833 500 Dt.
866 467 1023 509 :lriynon
1054 465 1112 499 25.
1145 465 1243 498 Mars
1277 464 1384 497 1352.

310 543 487 596 (demens
517 561 705 608 Episcopus
735 562 863 594 Servus
894 561 1076 594 Servorum
1108 559 1168 592 Dei
1199 559 1334 592 Dilectis
1373 560 1444 592 liliis
1480 558 1621 592 Johanui
1659 559 1772 592 Electo
1809 560 2003 592 (llomuccn.

155 628 186 657 et
219 652 224 657 .
258 650 264 657 .
297 622 434 656 Det-ano
477 625 581 656 sancti
628 621 734 665 Egidii
783 621 910 665 l'rag-en
942 647 949 653 .
982 647 988 653 .
1019 624 1050 653 et
1096 620 1242 653 Sacriste
1289 620 1493 652 Avinionen.
1533 618 1751 652 ecelesiarum
1791 620 1938 652 Salutem
1977 622 2008 650 et

157 683 382 729 Apostolicam
414 682 697 715 benedictionem.

310 743 363 777 Ad
394 753 568 788 personam
599 741 800 775 venerabilis
829 741 939 774 l'ratris
968 743 1070 774 nostri
1100 739 1298 774 Theudorici
1328 739 1484 785 Episcopi
1516 740 1712 775 slewicen..
1742 750 1836 784 quam
1867 741 2007 773 Altissi-

157 815 228 838 mus
259 804 429 837 uniltarum
461 806 614 836 virtutum
645 802 744 836 titulis
775 805 958 846 insignivit,
988 805 1145 845 gerentes
1183 800 1407 834 benivolentie
1443 800 1630 845 personalis
1666 800 1830 837 all'eetunn
1868 811 1930 845 qne
1969 801 2007 833 ad

157 868 229 898 eins
259 864 501 898 commoditatis
531 868 744 907 anguiculum
774 862 895 896 cedere
926 863 1069 905 valeant.
1100 861 1213 895 libenti
1244 863 1352 894 animo
1382 871 1609 906 procnrmuns.
1658 862 1736 893 Cum
1768 863 1876 905 itaque
1906 872 2010 906 nuper

156 924 405 968 Nneniburgeu
436 924 581 957 ecclesie
612 928 687 956 lunc
717 925 848 956 vacanti
879 922 919 956 dc
948 933 1093 968 persona
1123 921 1231 955 dilecti
1262 921 1313 954 lilii
1348 920 1508 954 Johannis
1545 920 1648 954 Elccli
1684 920 1933 964 Nuemburgcn.
1971 921 2010 953 (le

158 986 293 1019 l'ratrum
324 988 512 1017 nostrorum
542 984 682 1017 consilio
711 986 907 1016 :auctoritate
936 983 1119 1028 apostolica
1150 982 1342 1015 duxerimus
1373 981 1624 1027 providendum,
1661 980 1864 1027 preficiendo
1906 984 2008 1026 ipsum

159 1046 244 1079 dicte
274 1045 420 1078 ecclesie
448 1047 478 1078 in
510 1044 712 1090 Episcopum
742 1048 773 1077 et
804 1044 984 1077 l'astorem.
1017 1043 1056 1077 Et
1086 1047 1260 1089 propterca
1301 1042 1538 1088 parroceliialis
1576 1042 1719 1076 ccclesia
1760 1042 1799 1075 de
1839 1040 2011 1075 Novol'oro

159 1106 412 1139 Wratislavicn.
444 1104 599 1147 diocesis,
630 1116 726 1150 quam
755 1104 842 1138 idem
872 1103 1009 1138 Electus
1039 1109 1190 1149 tempore
1219 1106 1434 1148 promotionis
1474 1102 1658 1136 huiusmodi
1696 1101 1877 1138 obtinebat.
1917 1106 2013 1148 prout

159 1166 265 1200 adime
295 1165 432 1201 obtinet.
462 1176 523 1211 per
551 1168 791 1210 promotionem
821 1164 1005 1198 huiusmodi
1034 1168 1065 1197 et
1094 1175 1211 1197 numus
1241 1166 1505 1197 consecrationis
1536 1163 1789 1209 impendendum
1826 1163 1950 1205 eidem,
1981 1166 2011 1196 in

160 1227 253 1260 brevi
283 1237 407 1259 vacare
437 1230 601 1272 speratur.
640 1225 709 1259 Nos
744 1225 954 1259 attendentes
992 1224 1077 1270 quod
1114 1226 1258 1258 ecclesia
1298 1224 1481 1258 Slewiccu.
1523 1227 1661 1270 eiusque
1697 1223 1780 1257 bona
1819 1223 2012 1269 temporalia

160 1299 218 1333 per
247 1287 420 1333 quemdam
450 1289 610 1319 intrusum
641 1288 672 1319 in
701 1286 817 1319 eadem
856 1285 1000 1319 ccclesia
1037 1290 1199 1330 occupata
1236 1285 1434 1319 detinentur.
1471 1290 1503 1319 et
1540 1285 1626 1331 quod
1663 1285 1749 1318 idem
1785 1284 2014 1317 'l‘heodoricns

161 1351 340 1394 episcopus
370 1357 434 1379 non
464 1345 563 1380 habet
591 1346 678 1379 uude
707 1349 797 1380 iuxta
829 1347 1027 1392 episcopalis
1056 1346 1224 1390 dignitatis
1254 1346 1412 1379 honorem
1444 1346 1553 1379 valeat
1582 1348 1777 1387 sustentari5
1814 1357 1851 1378 ac
1880 1345 2013 1388 dignum

162 1413 193 1442 et
223 1419 406 1452 congruum
437 1410 649 1446 extimantes,
680 1411 713 1440 ut
741 1406 828 1451 qnod
858 1409 928 1441 cius
957 1410 1159 1441 necessariis
1189 1407 1326 1441 alicuius
1356 1409 1558 1452 provisionis
1587 1406 1779 1451 suffragium
1818 1417 1861 1439 ex
1897 1408 2016 1452 provi-

163 1470 271 1503 dentia
301 1468 389 1501 sedis
419 1468 601 1514 apostolice
631 1473 842 1512 assequatur„
873 1468 1134 1513 parrocehialem
1175 1467 1352 1501 ecclesiam
1391 1467 1584 1513 predictam,
1624 1478 1697 1500 cum
1734 1467 1817 1500 illam
1852 1469 2016 1511 premisso

166 1531 216 1563 vel
248 1529 310 1562 alio
341 1531 458 1574 quovis
487 1528 596 1570 modo,
627 1532 835 1574 preterquam
866 1539 923 1574 per
954 1531 1056 1574 ipsius
1086 1528 1248 1562 Johannis
1278 1527 1401 1561 obitum
1430 1538 1552 1561 vacare
1582 1531 1803 1571 contingeret.
1841 1537 2017 1559 commen-

165 1590 303 1624 dandam
334 1589 440 1623 eidem
471 1588 681 1622 Theodoriso
711 1591 871 1635 episcopo
900 1589 1006 1633 quoad
1044 1591 1177 1625 vixerit,
1214 1588 1421 1622 retinendam
1460 1599 1499 1621 ac
1536 1591 1634 1621 etiam
1671 1587 1904 1633 possidendam
1942 1598 2014 1620 cnm

165 1650 318 1684 omuibus
348 1649 472 1683 iuribus
501 1653 534 1682 et
562 1651 768 1695 pertinentiis
797 1652 864 1683 suis
894 1649 1062 1683 donationi
1091 1650 1275 1696 apostolice
1304 1660 1531 1691 reservamus,
1589 1648 1633 1682 lta
1670 1648 1754 1694 qnod
1786 1648 1825 1681 de
1856 1647 2014 1681 fructibus

168 1710 347 1745 redditibus
385 1715 416 1743 ct
452 1709 670 1756 proventibus
708 1709 854 1743 eiusdem
891 1715 1062 1756 postquam
1100 1713 1130 1743 ei
1167 1710 1396 1744 commendata
1434 1710 1541 1747 suerit„
1577 1709 1731 1742 ordinare
1768 1720 1806 1742 ac
1840 1708 2016 1754 disponere

165 1773 269 1807 libere
300 1772 420 1813 valeat,
443 1774 527 1804 sicut
555 1773 627 1804 veri
655 1770 804 1804 eiusdem
834 1771 978 1804 ecclesie
1007 1770 1185 1813 Rectores,
1206 1774 1259 1816 qni
1280 1771 1399 1804 dictam
1421 1770 1682 1816 parroccliialem
1704 1769 1881 1803 ecclesiam
1904 1769 2017 1802 obtin-

168 1837 286 1867 uerunt
315 1843 374 1878 pro
403 1836 551 1877 tempore
579 1831 620 1864 de
648 1831 710 1865 illis
739 1831 892 1865 ordinare
922 1842 961 1864 ae
991 1831 1170 1877 disponere
1199 1836 1385 1878 potuerunt7
1415 1843 1455 1864 ac
1484 1834 1581 1865 etiam
1603 1830 1797 1867 debuerunt„
1819 1831 2017 1864 alienatione

171 1898 281 1927 tamen
312 1891 523 1925 immobilium
553 1896 585 1925 et
613 1894 830 1937 pretiosorum
860 1891 1027 1926 mobilium
1054 1892 1213 1926 bonorum
1244 1892 1329 1926 dicte
1351 1891 1588 1938 parroechialis
1615 1891 1756 1925 ecclesie
1777 1893 1836 1936 ipsi
1859 1893 2017 1935 episcopo

171 1956 302 1999 penitus
331 1951 513 1986 interdicta.
552 1951 744 1985 Districtius
779 1952 966 1986 inhibentes
1001 1951 1185 1987 venerabili
1215 1953 1305 1987 fratri
1340 1957 1454 1986 nostro
1492 1951 1659 1998 Episcopo
1695 1950 1948 1984 VVratislavicn.
1979 1962 2017 1983 ac

170 2014 213 2049 illi
240 2013 292 2047 vel
322 2013 384 2047 illis
413 2012 453 2046 ad
488 2023 584 2058 quem
620 2012 673 2046 vel
711 2011 751 2046 ad
786 2023 869 2057 quos
904 2013 990 2047 dicte
1018 2013 1258 2060 parroechialis
1287 2013 1432 2046 ecclesie
1460 2011 1590 2045 collatio
1626 2014 1770 2057 provisio
1804 2022 1863 2044 scu
1901 2013 2018 2054 quevis

173 2075 235 2109 alia
265 2073 437 2120 dispositio
466 2076 683 2107 communiter
711 2074 765 2108 vel
800 2074 930 2107 divisim
966 2077 1121 2119 pertinet.
1160 2085 1202 2108 ne
1239 2074 1279 2107 de
1312 2076 1383 2119 ipsa
1422 2077 1536 2106 contra
1574 2074 1838 2106 reservationem
1873 2076 2017 2104 nostram

175 2134 358 2170 huiusmodi
394 2133 570 2180 disponere
609 2133 839 2179 quoquomodo
874 2139 1078 2181 presumant,
1123 2145 1163 2168 ac
1200 2134 1422 2168 decernentes
1460 2143 1593 2166 exnunc
1629 2134 1751 2165 irritum
1789 2135 1821 2164 et
1857 2133 1955 2164 inane
1990 2133 2017 2164 si

174 2206 274 2230 secus
300 2206 400 2240 super
429 2193 490 2228 hiis
519 2206 537 2227 a
567 2205 732 2240 quoquam
761 2194 880 2240 quavis
910 2197 1105 2230 auctoritate
1133 2197 1280 2229 scienter
1307 2194 1362 2228 vel
1391 2197 1587 2239 ignoranter
1614 2194 1792 2235 contigerit
1822 2193 2017 2237 attemptari.

175 2255 249 2290 Non
279 2255 483 2289 obstantibus
512 2257 539 2289 si
568 2255 666 2300 aliqui
695 2266 796 2301 super
824 2255 1072 2301 provisionibus
1101 2255 1162 2289 sibi
1192 2254 1352 2288 faciendis
1382 2254 1422 2288 de
1450 2252 1635 2287 huiusmodi
1665 2252 1819 2285 ecclesiis
1856 2252 1909 2284 vel
1948 2252 2019 2285 aliis

176 2315 345 2350 beneficiis
376 2315 616 2349 ecelesiasticis
644 2319 677 2349 in
706 2316 769 2349 illis
798 2315 946 2362 partibus
976 2316 1140 2361 speciales
1175 2316 1229 2350 vel
1265 2315 1445 2360 generales
1481 2318 1615 2348 nostras
1655 2313 1707 2346 vel
1744 2312 2019 2358 predecessorum

178 2381 365 2410 nostrorum
395 2375 619 2410 Romanorum
649 2375 842 2409 Pontificum
872 2379 926 2410 aut
953 2376 1136 2420 legatorum
1166 2376 1251 2410 dicte
1280 2376 1369 2410 sedis
1404 2377 1515 2409 literas
1554 2377 1758 2419 impetrarint
1801 2375 1927 2406 etiamsi
1964 2383 2022 2417 per

179 2448 237 2471 eas
267 2437 304 2470 ad
335 2435 559 2471 inhibitionem
590 2439 855 2470 reservationem
885 2440 918 2470 et
945 2435 1114 2470 decretum
1144 2437 1198 2471 vel
1226 2436 1308 2470 alias
1340 2435 1583 2481 quomodolibet
1617 2438 1657 2467 sit
1693 2445 1904 2479 processum.
1941 2443 2022 2478 quas

178 2498 309 2544 quidem
340 2498 451 2532 literas
480 2501 513 2531 et
541 2507 722 2544 processus
751 2496 881 2531 habitos
910 2507 969 2543 per
996 2497 1132 2531 eosdem
1162 2497 1203 2531 ad
1232 2496 1349 2530 dictam
1378 2495 1636 2541 parroechialem
1668 2495 1843 2527 ecclesiam
1869 2493 2022 2526 volumus
