2206 2735
1070 47 1114 80 19

1058 156 1134 191 31.

314 236 465 278 Bria-clmf
484 234 622 269 Jolmnn
654 245 713 267 con
748 234 879 267 (llnmzlz-
910 233 1073 279 besemiyt
1101 234 1164 267 den
1194 234 1362 268 Nicotaus
1390 246 1461 268 zum
1492 235 1637 278 Psarrer
1666 237 1698 269 ιἰη
1731 236 1869 269 Butsclz.

816 294 874 327 Dt.
904 293 1031 328 Brume
1068 295 1102 328 5.
1132 294 1220 327 ‚Iulii
1248 294 1357 328 1350.

322 381 411 434 Ros
431 399 605 433 Johannes
635 398 687 432 dei
717 403 748 431 et
777 398 960 444 apostolice
989 397 1080 432 sedis
1108 400 1223 442 gracia
1239 397 1428 445 Episcopus
1454 398 1699 433 olomucensis.
1731 399 1849 434 Notum
1879 400 2018 435 facimus

167 463 334 496 vniuersis
363 464 540 506 presentes
576 459 689 493 literas
718 461 930 504 inspecturis.
988 457 1084 500 Quod
1114 458 1154 492 ad
1193 462 1487 504 presentacionem
1516 464 1548 494 et
1576 463 1775 506 peticionem
1806 460 2017 496 Venerabilis

167 521 298 556 domine
327 521 427 554 Anne
465 520 635 555 abbatisse
672 524 705 554 et
734 523 921 553 conuentus
960 520 1259 553 sanctimonialium
1298 522 1491 553 monasterii
1529 520 1568 554 ad
1608 520 1793 554 Infanciam
1828 520 1948 555 Christi
1987 526 2017 556 in

168 581 324 628 Pustmyr
360 581 486 615 ordinis
524 583 631 615 sancti
670 579 841 613 Benedicti
876 583 1065 613 nostrarum
1105 579 1312 614 l'undacionis
1341 585 1372 614 et
1410 580 1587 626 dyocesis,
1626 581 1788 616 Dilectum
1826 585 1857 615 in
1889 583 2016 617 Christo

165 640 341 676 Nicolaum
370 641 605 688 presbyterum
633 639 854 674 exhibitorem
885 642 1095 685 presencium
1126 644 1157 674 in
1187 640 1339 675 Ecclesia
1370 641 1569 687 parrochiali
1599 645 1630 675 in
1662 642 1774 676 Budcz
1803 648 1946 677 vacante
1975 655 2016 677 ex

166 713 218 741 eoq
248 702 334 748 quod
364 701 536 736 Johannes
565 700 730 747 quondam
761 700 879 734 ibidem
910 700 1072 747 plebanus
1100 701 1342 746 parrochialem
1372 704 1402 734 in
1431 700 1554 735 Blansk
1586 701 1771 736 Ecclesiam
1802 703 1941 749 adeptus
1969 709 2019 738 est

167 768 197 797 et
226 765 258 796 in
288 766 507 809 possessione
537 762 673 807 pacifica
704 766 756 795 est
785 761 882 804 illius7
917 764 1077 796 vicarium
1108 766 1301 807 perpetuum
1331 765 1530 797 instituimus
1560 767 1593 796 et
1620 767 1798 805 rectorem,
1826 767 1931 810 ipsam
1957 764 2017 799 sibi

168 834 241 856 cnm
272 823 424 856 omnibus
454 822 578 856 iuribus
608 825 676 855 suis
705 825 873 856 vniuersis
902 824 1116 868 pertinenciis
1142 825 1348 856 -auctoritate
1377 822 1543 856 ordinaria
1573 823 1810 859 confirmantes
1840 829 1873 858 et
1907 836 2017 858 curam

170 887 198 916 ei
228 887 410 918 animarum
440 895 477 917 ac
509 883 726 929 spiritualium
757 886 790 916 et
818 882 1046 928 temporalium
1078 882 1406 916 administracionem
1434 888 1533 929 prout
1560 883 1601 917 ad
1629 889 1775 918 nostrum
1805 889 1935 931 spectat
1963 885 2019 919 of-

169 944 276 978 ficium
313 947 556 978 committentes
592 945 687 978 salvo
725 954 828 977 onere
863 946 1033 989 pensionis
1070 954 1179 977 annue
1218 943 1258 976 de
1287 943 1372 977 dicta
1401 943 1557 977 Ecclesia
1586 946 1618 977 in
1649 944 1759 978 Budcz
1789 944 1960 979 abbatisse
1989 950 2020 979 et

167 1008 345 1039 conuentui
380 1004 520 1050 predicti
557 1004 752 1038 Monasterii
790 1008 950 1050 perpetuo
988 1003 1186 1050 applicande
1220 1006 1304 1038 sicut
1338 1007 1370 1037 in
1406 1005 1511 1038 literis
1549 1007 1835 1051 incorporacionis
1871 1006 2018 1041 eiusdem

167 1065 384 1111 parrochialis
414 1066 559 1099 ecclesie
588 1066 675 1099 dioto
706 1068 906 1099 monasterio
936 1064 1023 1099 facte
1052 1065 1174 1099 clarius
1203 1069 1254 1099 est
1282 1075 1493 1111 expressum.
1530 1065 1567 1099 In
1596 1069 1690 1100 cuius
1719 1070 1766 1100 rei
1796 1069 2018 1102 testimonium

167 1131 345 1172 presentes
374 1125 443 1160 fieri
474 1130 507 1160 et
535 1127 717 1171 sigillorum
748 1130 918 1160 nostorum
947 1125 1088 1159 fecimus
1117 1128 1297 1160 munimine
1326 1125 1488 1160 roborari.
1535 1126 1658 1160 Actum
1687 1131 1719 1161 et
1748 1127 1856 1161 datum
1886 1127 2019 1162 Brunne

168 1187 269 1221 Anno
298 1187 429 1221 Domini
468 1186 643 1221 Millesimo
673 1187 929 1220 Trecentesimo
958 1186 1241 1232 Quinquagesimo
1269 1185 1401 1220 Jubileo
1430 1186 1483 1219 die
1511 1189 1623 1232 quinta
1651 1191 1777 1221 mensis
1805 1187 1892 1222 Julii.

491 1274 586 1308 (orig.
612 1275 648 1300 im
672 1273 1002 1300 fiirsterzbischoflichen
1028 1273 1153 1300 Archive
1178 1273 1205 1298 in
1230 1273 1385 1305 Kremsier,
1410 1272 1639 1306 abgeschrieben
1663 1283 1718 1301 von
1743 1275 1777 1299 A.
1802 1274 1922 1313 Boi-eki)

1059 1419 1135 1454 32.

323 1496 472 1550 Kaiser
499 1515 578 1549 Karl
607 1514 664 1549 IV.
704 1515 893 1560 hestattiget
928 1516 1001 1549 dem
1042 1515 1167 1560 Prager
1204 1514 1335 1560 Burger
1367 1514 1477 1549 Johlin
1514 1515 1624 1549 Bavar
1663 1519 1739 1549 eine
1768 1515 1878 1561 Prage
1907 1520 1938 1551 in
1969 1517 2021 1551 die

169 1575 198 1609 b.
230 1575 377 1610 Marcelli
410 1576 507 1610 1342
548 1577 666 1610 datirte
696 1576 857 1610 Urkunde
886 1576 945 1610 des
973 1575 1101 1620 Konigs
1129 1574 1262 1609 Johann
1300 1586 1366 1610 von
1400 1575 1558 1619 Bohmen,
1600 1576 1730 1611 welche
1767 1588 1803 1611 er
1838 1577 1943 1612 Schon
1972 1578 2020 1612 als

168 1635 344 1682 Markgraf
370 1648 435 1671 von
465 1636 602 1671 Mahren
632 1637 780 1671 ratificirt
810 1636 909 1671 hatte.
940 1637 991 1670 Dt.
1023 1636 1130 1681 Prage
1159 1636 1254 1670 XVII
1283 1636 1354 1671 Kal.
1386 1634 1532 1681 Augusti
1562 1637 1591 1671 d.
1622 1641 1641 1671 i.
1675 1639 1733 1673 16.
1763 1637 1828 1672 Juli
1859 1638 1968 1672 1350.

477 1721 681 1762 (Abgedruckt
707 1724 735 1749 in
762 1722 866 1751 Pelzl’s
892 1724 962 1750 ΚΕΗ
988 1722 1034 1750 IV.
1072 1723 1303 1750 Urkuudenbuch
1336 1732 1399 1749 zum
1424 1721 1444 1752 l,
1470 1725 1524 1752 Tr,
1548 1733 1575 1757 p.
1594 1724 1642 1751 94.
1669 1740 1707 1744 —
1733 1723 1833 1758 Vergl.
1858 1725 1926 1750 Cod.
1952 1725 2020 1758 dipl.

583 1776 652 1801 Mor.
678 1775 735 1802 Vll.
763 1775 846 1804 278.)

1061 1921 1137 1957 33.

224 1998 353 2031 Kaiser
382 1998 473 2031 Karl
500 1997 561 2032 [Γ.
593 1998 730 2042 befielelt
758 1999 820 2032 den
850 1999 1009 2044 Bilryerte
1039 2011 1102 2033 con
1131 2000 1261 2043 Britan,
1294 2000 1435 2043 Olmzttz,
1465 2000 1778 2034 illaler.-Neustadt
1806 2012 1836 2034 u.
1862 2013 1890 2034 s.
1916 2012 1969 2044 nn,

226 2059 304 2092 dass
333 2060 384 2092 sie
413 2059 482 2092 alle
509 2058 691 2103 Kausleute
719 2070 781 2092 aus
810 2061 873 2093 den
898 2061 1097 2104 polnischen
1127 2060 1282 2095 Lc'zssndern
1311 2063 1370 2095 mit
1398 2062 1494 2095 ilzren
1530 2061 1680 2097 Waaren
1711 2062 1967 2096 hilmusweisen.

843 2121 901 2154 Dc.
933 2121 1028 2166 Praq
1058 2120 1116 2156 18.
1145 2122 1222 2155 ,Iuli
1249 2121 1359 2155 1350.

332 2195 500 2248 karolus
531 2214 592 2248 Dei
629 2218 741 2259 gracia
771 2215 999 2250 Romanorum
1037 2216 1112 2251 Rex
1140 2228 1273 2263 semper
1302 2219 1477 2262 Augustus
1506 2222 1539 2251 et
1568 2217 1705 2252 Boemie
1733 2217 1822 2253 Rex.
1854 2217 2021 2252 Fidelibus

176 2277 243 2308 suis
279 2275 408 2309 dilectis
453 2278 622 2310 ciuitatum
661 2276 858 2321 pragensis„
905 2277 1217 2321 lVratislauiensis„
1261 2277 1483 2322 Chutnensis,
1528 2277 1774 2321 olomucensis„
1822 2278 2020 2314 Brunensis„

176 2334 395 2377 Glaczensis‚
438 2335 533 2370 Noue
569 2339 711 2371 ciuitatis
752 2339 783 2370 in
812 2336 961 2371 Morauia
1000 2338 1203 2384 aliorumque
1237 2339 1384 2372 locorum
1414 2343 1446 2372 et
1475 2339 1670 2385 oppidorum
1700 2351 1759 2386 per
1788 2339 1960 2372 Boemianl
1989 2343 2021 2372 et

176 2395 357 2430 Nlorauiam
386 2395 568 2440 Judicibus‚
606 2397 818 2441 Consulibus⁷
850 2398 1015 2441 Scabinis‚
1044 2398 1179 2444 Juratis7
1208 2398 1472 2444 Magistratihus‚
1501 2398 1700 2433 Rectoribus
1730 2404 1760 2432 et
1791 2398 1928 2440 ciuibus,
1959 2410 2021 2432 ce-

176 2459 321 2501 terisque
350 2456 501 2491 omnibus
531 2462 561 2491 et
592 2459 731 2503 singulis
760 2462 790 2492 in
813 2459 963 2493 Romano
992 2459 1135 2506 Imperio
1164 2471 1223 2494 seu
1253 2463 1284 2493 in
1315 2460 1385 2493 aliis
1415 2459 1665 2504 quibuscunque
1695 2458 1931 2505 principatibus
1960 2470 2021 2492 re-

175 2516 357 2551 sidentibus
386 2516 480 2551 nobis
510 2522 542 2551 et
571 2521 710 2564 imperio
740 2517 911 2557 subiectis„
942 2519 982 2553 ad
1011 2531 1092 2566 quos
1121 2525 1294 2566 presentes
1314 2522 1529 2566 peruenerint
1557 2523 1704 2563 graciam
1726 2522 1850 2564 regiam
1873 2523 1903 2552 et
1925 2531 2022 2553 omne

1862 2581 1897 2603 a*
