2206 2735
1054 61 1095 92 lq

1036 173 1111 208 ⁸2⁸.

198 268 269 302 Das
302 267 384 298 (Nm.
420 264 562 308 Rapite!
591 263 690 296 bute!
729 274 778 295 nm
810 263 862 295 die
889 260 1084 305 papstli'clie
1114 259 1344 303 Besln'ti‘qnnq
1380 259 1440 291 der
1481 259 1664 301 Grundmiq
1702 258 1760 290 des
1792 255 1950 289 moster-s

663 326 694 356 in
726 324 908 356 Pomtinis-iz
943 321 999 354 Dt.
1032 321 1164 354 (llmiuz
1192 319 1227 353 8.
1259 319 1343 352 ,11ιηί
1374 318 1484 352 1350.

301 402 545 454 Sanctissimo
584 423 614 453 in
645 418 778 452 Christo
819 419 901 463 patri
931 420 964 449 et
1002 416 1148 452 donnno,
1196 415 1329 448 domino
1360 414 1519 447 Uli-menti
1558 414 1656 457 digna
1695 412 1746 445 dei
1787 410 2002 458 prouidencia

146 486 363 516 sacrosancte
402 481 551 515 Romane
588 491 626 513 :ic
658 478 858 513 vniuersalis
890 476 1044 511 Ecclesic
1087 486 1215 509 summo
1247 475 1397 509 Pontilici
1428 473 1607 519 Slyhorius
1646 473 1793 506 decanus
1831 471 2002 505 Johannes

147 545 333 589 prepositus
354 541 491 575 Witcho
521 539 789 585 archidyaconus
818 542 849 571 et
878 537 1056 582 capitulum
1088 535 1239 570 Ecclesic
1261 536 1494 569 Olonmccnsis
1525 533 1643 580 pedum
1674 533 1787 567 oscula
1818 532 2001 566 beatorum.

148 604 194 638 *td
227 607 341 637 vestre
371 601 552 635 deferimus
583 599 791 633 audient-iani
821 600 1019 632 sanctitatis.
1048 596 1134 641 quod
1165 595 1378 630 Venerabilis
1409 599 1440 629 in
1471 594 1603 628 Christo
1633 598 1727 640 pater
1756 593 1907 627 dominus
1937 592 2003 626 Jo-

147 665 274 698 hannes
303 663 491 709 Episcopus
522 660 667 707 predicte
698 659 930 693 Olomucensis
962 657 1116 691 Ecclesie
1155 656 1275 690 dudum
1305 656 1496 690 Ecclesiam
1526 654 1751 701 parochialem
1790 657 1820 688 in
1852 653 2006 699 l‘ustmyr

147 725 292 758 diocesis
322 722 577 757 olomucensis.
625 731 687 766 que
726 723 757 753 in
796 718 897 753 fundo
926 718 1087 752 honorum
1119 717 1364 764 Episcopalium
1393 717 1469 751 dicti
1501 716 1735 751 Olomucensis
1764 717 1913 761 episcopi
1944 717 2003 748 sila

147 786 186 819 ad
208 785 428 818 collacionem
446 784 673 828 prouisionem
702 785 733 813 et
759 779 1021 825 disposicionem
1038 778 1195 824 Episcopi
1212 777 1446 812 Oloinucensis
1467 788 1602 823 semper
1623 778 1779 822 pertinuit
1798 775 1838 809 ah
1859 777 2004 821 antiquo.

148 849 178 880 in
207 844 448 879 Monasterium
477 841 786 876 Sanctimonialium
816 840 941 874 ordinis
978 843 1086 874 sancti
1117 839 1289 873 Benedicti
1319 842 1428 873 erexit
1456 841 1645 873 construxit
1673 842 1706 871 et
1733 837 1859 871 dotauit
1893 840 2005 870 nostra

147 905 187 940 ad
217 905 279 939 hoe
308 903 492 938 accedente
527 905 748 936 conniuencia
792 905 822 935 et
852 911 1018 946 expresso
1056 910 1227 934 consensu
1266 910 1387 934 nomen
1424 899 1531 933 eidem
1562 898 1769 933 Monasterio
1808 897 1848 931 ad
1887 896 2006 930 Christi

148 965 324 1001 infanciam
355 963 566 1010 imponendo.
605 962 685 997 Cum
715 964 812 1007 igilur
841 972 901 1008 per
930 961 1005 995 dicti
1034 960 1227 994 Monasterii
1259 963 1469 994 ereccioneni
1499 961 1607 994 cultus
1637 959 1768 992 diuinus
1798 957 2008 992 laudabiliter

148 1027 329 1061 dinoscitur
367 1025 540 1059 adauctus.
580 1023 753 1068 honorque
782 1027 812 1056 et
843 1022 946 1056 decor
974 1022 1128 1056 Ecclesie
1159 1021 1393 1055 Olomucensis
1422 1020 1545 1054 clarum
1576 1023 1726 1066 suscepit
1763 1023 1796 1053 et
1833 1021 2007 1065 suscipere

148 1090 265 1134 poterit
287 1089 539 1120 incrementum.
573 1084 791 1118 Sanctitateni
813 1082 965 1117 Vestram
987 1083 1210 1129 supplicamus
1231 1081 1396 1115 humiliter
1417 1087 1448 1114 et
1469 1081 1587 1114 deuote
1608 1084 1774 1126 qvatenus
1795 1082 2006 1112 ereccionem

149 1153 180 1182 et
209 1148 501 1181 construccioncm
532 1156 571 1177 ac
601 1144 811 1178 dotacionem
850 1143 996 1189 prefatas
1026 1148 1115 1177 ratas
1144 1147 1176 1176 et
1214 1147 1327 1187 gratas
1358 1141 1482 1176 hahere
1512 1153 1551 1175 ac
1581 1144 1780 1175 auctoritate
1819 1139 2004 1186 apostoliea

149 1208 188 1242 de
217 1212 308 1241 certa
337 1206 517 1251 dignemini
553 1208 700 1239 sciencia
729 1204 940 1238 confirmare.
971 1203 1188 1238 Sanctitatem
1217 1203 1372 1237 Vestram
1401 1203 1598 1237 incolomem
1619 1211 1825 1236 conseruare
1855 1199 2007 1245 dignetur

148 1269 324 1303 altissimus
360 1279 434 1301 cum
473 1266 600 1300 dierum
639 1265 794 1300 felicitate
833 1265 977 1310 longeua
1016 1265 1185 1310 Regiinini
1215 1263 1390 1299 Ecclessie
1419 1275 1478 1298 sue
1507 1268 1636 1297 sancte.
1693 1262 1812 1296 Datum
1843 1260 2006 1295 Olomucii

151 1327 243 1363 vul*-
273 1329 326 1363 die
355 1330 479 1362 mensis
508 1327 597 1361 Junii
626 1327 727 1361 Anno
756 1326 879 1360 domini
909 1326 1087 1361 Millesimo
1117 1323 1373 1361 Trecentesimo
1402 1327 1691 1371 quinquagesimo.

459 1414 551 1450 (Oi-ig.
577 1415 613 1440 im
640 1414 793 1440 fiirstcrzb.
819 1414 944 1440 Archive
968 1414 996 1439 iu
1021 1414 1185 1440 Kremsier:
1211 1413 1441 1447 abgeschrieben
1471 1422 1525 1439 von
1551 1412 1585 1438 A.
1611 1412 1730 1441 Bocek.1

1040 1543 1116 1578 29.

307 1620 480 1687 stephan
508 1638 682 1684 Pfalzgras
707 1639 759 1673 hei
789 1639 896 1673 Rhein
925 1638 1105 1675 hekennet.
1143 1639 1222 1673 dass
1253 1638 1337 1672 nach
1367 1637 1554 1682 Beilegung
1584 1637 1643 1670 des
1672 1635 1805 1671 Sti-ittes
1835 1635 2009 1670 zwischen

152 1700 216 1734 ihm
255 1701 320 1735 und
348 1701 470 1735 Kaiser
498 1700 577 1735 Karl
607 1700 664 1735 lv.
706 1700 769 1734 und
809 1700 961 1734 dessen
991 1699 1181 1733 Brudern
1211 1699 1264 1733 die
1294 1698 1524 1733 Unterthanen
1563 1697 1741 1732 desselben
1771 1708 1830 1731 aus
1860 1696 2009 1730 Bohmen

153 1761 216 1794 und
245 1761 395 1796 anderen
415 1761 569 1795 Lendern
589 1764 621 1795 in
649 1761 711 1795 den
729 1761 882 1795 Lendern
912 1761 971 1794 des
992 1759 1205 1805 Praizgrafen
1234 1771 1347 1805 gegen
1368 1759 1588 1803 Entrichtung
1616 1758 1676 1792 der
1696 1756 2010 1802 althergebrachten

151 1820 307 1855 Mauthen
336 1822 400 1856 und
431 1821 522 1855 Zolle
552 1821 773 1855 unhehindert
803 1821 1039 1855 herumziehen
1071 1820 1199 1854 durfen.
1248 1820 1302 1854 Di.
1332 1819 1503 1854 Lanczhut
1533 1831 1573 1853 an
1604 1819 1665 1852 den
1696 1817 1913 1863 Donnerstag
1948 1828 2010 1851 vor

153 1887 228 1916 sant
257 1882 351 1917 Veits
380 1882 474 1928 Tage
503 1882 533 1916 d.
564 1885 585 1917 i.
618 1882 677 1917 10.
707 1882 784 1916 Juni
816 1882 925 1917 1350.

462 1969 664 2005 (Abgedruckt
690 1970 718 1996 in
742 1968 848 1995 Pelzl's
872 1970 943 1995 Karl
968 1969 1016 1995 lv,
1043 1969 1278 1995 Urkundenbuch
1304 1977 1366 1994 zum
1392 1967 1412 1995 I.
1438 1968 1491 1993 Th.
1517 1977 1543 2001 p.
1572 1968 1653 1997 llo.)

1046 2098 1121 2133 30.

311 2174 515 2239 ⁸'larkgraf
541 2194 673 2228 Johann
702 2206 769 2229 von
798 2194 937 2228 Mfihren
967 2193 1139 2238 bestfitugt
1169 2193 1231 2227 alle
1254 2192 1457 2238 Privilegieu
1487 2192 1546 2226 der
1573 2190 1697 2226 Kirche
1727 2190 1790 2224 und
1815 2189 2010 2224 Praebende

155 2256 186 2287 in
218 2253 372 2288 Pohrlitz.
402 2254 457 2288 Dt.
488 2254 602 2288 Brunn
637 2256 693 2289 15.
723 2255 800 2288 Juni
832 2254 940 2290 1350.

466 2342 567 2375 (Diesc
595 2342 730 2367 l'rkunde
756 2342 846 2367 selbst
871 2342 905 2367 ist
930 2341 1136 2367 zweifelsohne
1161 2345 1264 2367 sammt
1289 2341 1344 2366 den
1369 2340 1490 2373 sibi-igen
1515 2339 1669 2373 Diplomen
1695 2338 1790 2364 dieser
1813 2338 1900 2364 stadt
1923 2337 2009 2363 durch

568 2394 613 2418 die
639 2394 795 2418 Schweden
822 2393 979 2419 verbrannt
1002 2391 1128 2419 worden.
1175 2393 1212 2418 Es
1237 2393 1339 2418 erhielt
1363 2392 1422 2417 sich
1447 2400 1500 2417 nur
1525 2389 1578 2418 der
1601 2390 1719 2424 Anfaug
1742 2390 1798 2415 und
1823 2390 1877 2416 das
1903 2390 2011 2415 Datum

569 2444 720 2470 dei-selben
745 2445 771 2469 in
798 2446 829 2472 P.
849 2446 933 2471 Haan
959 2444 1047 2471 stam
1074 2444 1220 2475 „Joannes
1245 2444 1292 2469 dei
1317 2444 1414 2478 gracia
1440 2443 1566 2468 Marchio
1586 2442 1715 2467 Morauie
1742 2441 1872 2467 omnibus
1897 2442 1925 2467 in
1949 2450 2010 2475 per-

568 2501 693 2530 petuum.
719 2498 841 2527 Qnocies
866 2506 882 2523 a
907 2497 988 2523 nobis
1012 2496 1128 2530 petitur,
1159 2496 1233 2530 quod
1265 2496 1411 2521 honestati
1442 2495 1594 2521 conuenire
1620 2494 1778 2520 dinoscitur
1802 2496 1855 2519 etc.
1902 2494 2009 2519 Datum

572 2549 665 2573 Brune
691 2549 741 2574 fer.
767 2549 810 2575 Ill.
841 2550 869 2575 in
895 2549 939 2575 die
964 2549 1059 2575 sancti
1086 2548 1145 2573 Viti
1171 2556 1245 2573 anuo
1270 2547 1376 2573 domiui
1406 2547 1510 2577 1350.)
