2206 2735
1125 108 1197 140 255

230 220 370 265 regebat
399 225 431 253 et
461 219 609 254 eiusdem
631 218 809 252 Wladislai
838 218 1015 252 heredibus
1046 223 1076 253 in
1098 221 1278 253 natiuitatis
1300 219 1432 252 Christi.
1457 219 1596 253 Paschc.
1622 219 1838 253 Pentecostes
1860 232 1897 253 ac
1919 219 2091 254 beatorum

232 281 429 314 wenceslai
467 284 497 313 et
527 278 702 313 Adalberti
737 279 955 312 Patronorum
989 278 1127 312 Boemie
1162 279 1398 313 sestiuitatibus
1429 280 1468 313 ad
1499 283 1604 313 instar
1633 279 1872 326 imperatorum
1903 285 1934 314 et
1964 280 2093 314 Roma-

230 352 346 375 noruin
377 340 567 385 Principum
605 339 806 385 imponendi.
844 343 876 372 ut
911 343 1020 372 tamen
1064 351 1081 372 a
1120 343 1265 382 nemine.
1310 345 1520 386 preterquam
1557 353 1574 373 a
1604 340 1767 385 Pragensi
1797 341 1850 374 uel
1879 340 2092 375 Olomucensi

231 401 419 447 Episcopis.
450 403 503 432 aut
533 409 648 432 eorum
679 399 795 441 altero.
826 401 880 443 qui
910 398 984 432 dum
1014 400 1153 433 alterum
1184 399 1307 434 abesse
1336 403 1558 445 contingeret.
1590 404 1681 434 uices
1712 402 1881 447 suppleret
1912 401 2094 436 amborum.

230 464 352 507 imponi
390 459 538 493 deberet.
576 459 750 492 licenciam
792 464 823 492 et
866 459 1070 495 facultatem,
1113 463 1302 504 graciosins
1341 466 1535 505 erogarunt.
1566 466 1597 494 et
1626 461 1689 494 hoc
1718 461 1834 495 edictis
1865 474 1903 496 ac
1932 463 2095 496 mandatis

229 520 459 568 imperialibus
488 525 520 554 et
550 520 666 564 Regiis
696 525 857 566 perpetuo
887 524 1086 556 statuerunt.
1142 522 1294 555 Alterum
1331 533 1424 557 uero.
1468 522 1624 556 uidelicet
1655 550 1661 555 .
1694 549 1700 555 .
1759 521 1884 556 Ducem
1928 523 2093 569 Oppanie‚

232 582 373 616 heredes
403 586 433 614 et
463 591 684 614 successores
721 583 838 626 ipsius.
874 585 1009 626 propter
1047 582 1267 615 donacionem
1298 583 1388 616 clare
1417 586 1578 616 memorie
1606 582 1747 616 lllustris
1777 582 1912 617 Otakari
1943 584 2094 617 secundi.

230 642 393 688 quondam
432 641 568 675 Boemie
608 641 726 686 Regis.
770 641 888 674 Proaui
925 645 1041 676 nostri.
1085 654 1183 687 quam
1213 645 1295 688 patri
1325 643 1473 677 eiusdem
1503 644 1598 678 ducis
1627 644 1753 678 secisse
1782 644 1974 680 dinoscitur.
2018 645 2093 678 duni

230 704 370 737 Terram
408 702 560 736 Morauie
603 702 765 744 diuidens.
806 702 959 735 ducatum
998 708 1031 736 et
1068 706 1287 749 principatum
1317 703 1544 749 Opauiensem
1574 707 1700 738 creauit
1731 715 1877 747 exnouo.
1921 708 2094 750 ipsumque

230 765 360 798 ducein.
391 774 490 807 quem
519 763 559 796 de
588 774 678 796 mera
709 773 769 796 sue
798 761 1012 807 benignitatis
1040 767 1155 807 gracia
1192 764 1379 798 sublimauit
1418 768 1448 799 in
1479 765 1679 811 Principem.
1711 765 1855 799 heredes
1885 770 1916 799 et
1945 776 2093 799 succes-

232 836 328 859 sores
357 827 461 870 ipsius
492 835 632 857 unacum
662 823 783 856 ducatu
812 826 906 857 siue
935 827 1120 870 principatu
1151 825 1280 871 prefato
1310 825 1369 859 sibi
1400 831 1431 859 et
1463 826 1641 860 heredibus
1672 838 1710 860 ac
1740 825 1995 860 successoribus
2022 829 2091 860 suis

233 886 381 931 Regibus
413 884 548 918 Boemie
576 896 615 917 ac
645 884 793 918 eiusdem
824 884 932 928 Regni
970 884 1103 918 Corone
1132 886 1234 919 uoluit
1264 886 1452 920 immediate
1481 886 1634 921 subesse.
1664 887 1767 921 Nobis
1797 887 1956 930 eciam²³²).
1987 886 2091 920 here-

230 946 323 980 dibus
361 950 393 979 et
422 945 678 979 successoribus
716 948 850 987 nosti-is.
895 945 1032 980 Boemie
1066 946 1229 991 Regibus.
1273 952 1315 981 et
1344 947 1492 981 eiusdem
1522 948 1631 992 Regni
1661 949 1795 982 Corone
1824 953 1990 993 tamquam
2020 959 2089 981 rem

231 1010 477 1053 appropriatam
509 1011 539 1040 et
569 1006 835 1052 inseparabiliter
863 1010 1109 1053 incorporatam
1140 1007 1261 1052 Regno
1291 1008 1430 1042 Boemie
1460 1008 1590 1054 prefato
1619 1009 1812 1056 specialiter
1840 1014 1871 1042 et
1892 1020 1937 1042 ex
1957 1012 2090 1042 nomine

230 1078 446 1102 reseruamus
477 1066 518 1100 de
546 1066 699 1100 Romane
727 1066 1028 1113 Imperatorie
1056 1072 1231 1114 potestatis
1261 1070 1467 1115 plenitudine
1487 1074 1688 1106 statuentes.
1718 1070 1804 1116 quod
1831 1080 1947 1103 omnes
1968 1081 2092 1116 supra—

231 1129 317 1162 dicte
347 1131 521 1162 sentencie
550 1132 581 1161 et
611 1128 760 1162 clausule
790 1125 1012 1174 lmperialiuin
1042 1134 1072 1163 et
1103 1129 1280 1174 Regaliuin
1317 1131 1512 1165 litterarum.
1544 1141 1607 1175 que
1637 1143 1654 1164 a
1683 1131 1908 1165 Romanorum
1937 1130 2094 1176 Impera-

207 1189 355 1223 ‘toribus
386 1193 416 1222 et
447 1188 596 1233 Regibus
625 1189 924 1235 predecessoribus
954 1193 1089 1233 nostris.
1121 1191 1218 1225 dictis
1248 1191 1384 1225 Boemie
1414 1191 1563 1236 Regibus
1593 1196 1624 1225 et
1653 1191 1880 1237 Principibus.
1910 1191 2032 1236 Regno
2062 1196 2093 1225 et

229 1250 363 1284 Corone
392 1250 530 1283 Boemie
559 1249 682 1284 indulte
710 1255 907 1297 noscuntur.
937 1255 968 1284 et
997 1262 1078 1296 quas
1109 1251 1147 1284 ad
1177 1251 1416 1298 probacionein
1445 1252 1603 1286 dictarum
1625 1255 1851 1286 intencionem
1881 1252 2092 1295 adduximus.

228 1321 362 1356 semper
390 1315 422 1344 et
452 1309 572 1354 ubique
600 1314 631 1344 in
661 1310 790 1344 Judicio
819 1316 849 1344 et
879 1316 989 1353 extra.
1019 1323 1059 1345 ac
1088 1315 1119 1345 in
1149 1313 1288 1357 singulis
1318 1312 1447 1347 actibus
1494 1312 1632 1359 puhlicis
1675 1318 1706 1346 et
1744 1315 1893 1358 priuatis.
1933 1315 2092 1357 quociens

230 1374 442 1416 presencium
481 1376 632 1405 tenorem
669 1372 735 1416 legi
773 1375 845 1405 siue
881 1371 1042 1417 publicari
1072 1376 1263 1417 contigerit.
1294 1373 1441 1407 eiusdem
1472 1373 1635 1415 efficat-ie.
1666 1376 1793 1417 uigoris
1824 1378 1856 1407 et
1885 1376 2093 1407 auctoritatis

228 1435 375 1466 existant
397 1443 437 1465 ac
458 1435 484 1466 si
505 1435 536 1466 in
558 1432 672 1477 figuris
692 1435 833 1478 propriis
855 1433 1029 1477 originalia
1050 1433 1175 1479 pridem
1200 1434 1403 1476 uiderentur.
1425 1445 1468 1468 eo
1487 1437 1659 1480 precipue.
1681 1445 1754 1468 cum
1776 1434 1893 1468 eadem
1915 1434 2091 1478 originalia

229 1504 288 1538 per
301 1504 363 1526 nos
377 1504 417 1526 ac
431 1493 607 1527 nonnullos
628 1492 770 1527 Romani
784 1498 815 1526 et
837 1492 973 1527 Boemie
988 1493 1181 1539 Regnorum
1196 1494 1379 1540 Principes.
1394 1495 1546 1530 Barones
1563 1500 1594 1529 et
1608 1495 1783 1537 proceres.
1800 1495 1919 1529 Illustri
1933 1494 2092 1529 Johanne

230 1553 425 1587 marchione
446 1553 609 1597 Mol-anie,
631 1553 737 1588 fratre
757 1559 788 1587 et
810 1554 963 1600 Principe
983 1561 1099 1589 nostro
1116 1555 1278 1601 predicto.
1300 1555 1419 1589 ibidem
1433 1559 1464 1590 in
1479 1559 1656 1602 presencia
1673 1559 1864 1590 constituto.
1887 1556 2092 1589 auscultata

229 1619 260 1647 et
289 1618 479 1649 examinata
508 1615 641 1649 suerunt
661 1615 849 1660 diligenter.
882 1619 966 1650 sicut
995 1619 1101 1650 eciam
1122 1627 1183 1650 nos
1213 1621 1250 1649 et
1279 1615 1493 1650 Illustres
1514 1620 1747 1662 progenitores
1778 1621 1808 1649 et
1829 1616 2092 1662 predecessores

230 1678 346 1716 nostri.
368 1675 504 1709 Boemie
525 1675 653 1721 Reges.
684 1679 716 1709 in
746 1676 992 1722 predictorum
1022 1679 1151 1719 uirium,
1182 1687 1261 1710 uera
1282 1682 1313 1710 et
1334 1680 1419 1711 iusta
1440 1680 1659 1723 possessione
1680 1680 1896 1723 perstitimus.
1918 1679 2094 1722 prescrip-

232 1739 328 1769 cione
344 1736 588 1782 temporumssss)
608 1737 760 1770 diuturna
781 1742 812 1770 et
833 1737 942 1770 diuina
959 1736 1093 1770 fauente
1114 1737 1297 1771 clemencia
1318 1737 1604 1782 perstitin111s²³‘*¹·'s)
1625 1740 1655 1771 in
1677 1741 1836 1783 presenti.
1858 1737 2092 1772 Decernentes

232 1808 270 1829 ac
292 1796 402 1830 edicto
432 1796 662 1842 Iinperiali
692 1797 850 1843 deinceps
872 1802 1033 1843 perpetuo
1055 1802 1251 1832 statuentes.
1282 1798 1366 1844 quod
1390 1799 1600 1844 supradictus
1622 1798 1783 1845 Princeps
1804 1804 1836 1832 et
1855 1798 1959 1833 frater
1979 1804 2093 1832 noster

231 1860 513 1899 carissimus,
556 1857 701 1892 heredes
745 1863 776 1892 et
814 1858 1019 1904 proheredes
1058 1861 1107 1892 sui
1145 1858 1360 1893 Marchiones
1398 1858 1560 1893 Morauie.
1605 1859 1745 1893 eundem
1781 1859 2043 1893 Marchionatum
2073 1871 2091 1892 a

230 1917 327 1952 nobis
355 1918 444 1951 uelut
474 1917 572 1962 Rege
600 1918 739 1952 Boemie
768 1918 948 1952 heredibus
987 1924 1019 1953 et
1056 1919 1314 1954 successoribus
1350 1923 1474 1954 nostris
1503 1920 1642 1954 Boemie
1671 1920 1822 1965 Regibus
1851 1925 1883 1954 et
1912 1932 1929 1953 a
1960 1920 2091 1954 Corona

229 1978 341 2023 Regni
370 1978 507 2013 Boemie
545 1979 681 2024 predicti
718 1983 750 2013 in
785 1979 917 2013 feodum
963 1991 1036 2013 cum
1079 1980 1197 2014 debitis
1240 1984 1273 2014 et
1316 1984 1486 2015 consuetis
1515 1980 1801 2027 solempnitatibus
1831 1985 1862 2014 et
1891 1984 2091 2015 ceremoniis

230 2043 426 2073 reuerenter
455 2041 640 2085 suscipere.
671 2039 836 2085 nobisque
866 2051 904 2073 ac
934 2040 1030 2074 dictis
1060 2040 1236 2075 heredibus
1265 2046 1297 2075 et
1327 2041 1584 2076 successoribus
1614 2046 1653 2075 et
1683 2041 1815 2076 Corone
1845 2041 1973 2087 prefate
2002 2046 2092 2075 tam-

385 2165 415 2203 ’”’”)
441 2167 496 2192 Die
522 2167 559 2192 im
583 2167 612 2194 J.
641 2167 719 2192 175⁶.)
746 2168 918 2201 verfvrtigte
944 2169 1033 2201 Copie
1058 2169 1154 2194 dieser
1179 2169 1317 2195 L'rkunde
1343 2169 1392 2194 hat
1417 2171 1489 2194 statt
1514 2169 1627 2194 eciam
1653 2170 1704 2195 das
1731 2170 1812 2194 Wort
1838 2169 1942 2200 euim,
1968 2169 2093 2194 welches

442 2220 515 2245 auch
541 2220 569 2245 iu
594 2220 648 2245 den
674 2219 812 2245 Abdruck
838 2220 1003 2255 dei-selben.
1036 2221 1164 2247 welchen
1192 2222 1244 2246 Dr.
1270 2221 1368 2254 Chytil
1393 2221 1429 2246 im
1456 2221 1490 2246 11.
1516 2221 1586 2246 Heft
1611 2221 1661 2247 der
1686 2221 1830 2247 Schriften
1855 2222 1906 2246 der
1931 2221 1996 2247 hist.
2022 2224 2091 2247 stat.

441 2272 556 2298 Section
580 2271 723 2306 besoigte,
749 2271 970 2305 aut'genommen
996 2273 1100 2298 wurde.
1142 2271 1196 2299 Die
1222 2273 1366 2299 vidimirte
1392 2272 1481 2306 Copia
1507 2273 1602 2299 dieser
1628 2273 1765 2299 t'rkunde
1791 2282 1854 2298 vom
1879 2273 1907 2299 J.
1936 2273 2014 2298 14i7
2041 2273 2091 2298 hat

441 2323 486 2348 die
519 2322 716 2349 Abbi-eviatur
741 2312 794 2358 em,
820 2323 928 2349 welche
953 2324 1015 2349 hier
1040 2324 1101 2349 dein
1130 2324 1215 2350 Sinne
1247 2325 1320 2350 nach
1349 2325 1505 2357 jedenfalls
1542 2326 1642 2351 besser
1677 2335 1711 2350 zu
1747 2326 1828 2351 lesen
1860 2325 1896 2351 ist
1928 2326 2018 2351 eciam
2049 2326 2092 2351 als

440 2375 524 2406 enini,
557 2375 608 2400 wie
641 2375 715 2400 deun
749 2376 820 2400 auch
852 2375 979 2401 dicseltm
1013 2376 1152 2402 L'rkunde
1185 2385 1250 2402 vom
1283 2377 1310 2404 J.
1339 2377 1418 2402 1345»
1450 2377 1594 2402 cbenfalls
1628 2378 1742 2402 eciam
1775 2378 1829 2402 und
1863 2377 1970 2402 nicht
1995 2378 2090 2403 euim

440 2426 574 2454 schreibt.
601 2427 664 2453 viil.
691 2426 759 2453 Cod.
786 2427 854 2461 dipl.
881 2428 945 2453 vn.
971 2437 996 2461 p.
1024 2428 1095 2454 681.

369 2488 417 2525 ἐξὲξ)
446 2492 642 2522 „temporum“
671 2488 745 2514 fehlt
770 2489 798 2514 in
823 2490 873 2514 der
899 2489 989 2523 Copie
1013 2498 1077 2516 vom
1103 2490 1130 2516 J.
1160 2490 1251 2525 1782,
1284 2490 1419 2515 wiiiireud
1445 2499 1474 2515 es
1500 2491 1527 2515 iu
1552 2491 1614 2516 dein
1641 2491 1721 2524 orig.
1750 2500 1813 2516 roxa
1837 2491 1864 2517 J.
1895 2491 1982 2523 1349,
2014 2492 2090 2517 daun

440 2541 468 2565 in
492 2540 525 2567 R.
550 2541 607 2566 und
632 2541 696 2565 dem
721 2538 849 2567 Vidimus
875 2550 930 2567 von
957 2542 1036 2567 14ἲῖ
1063 2542 1150 2568 stelit.

347 2599 417 2636 ÷=÷z÷)
442 2601 502 2626 Das
529 2601 656 2626 Vidimus
682 2609 743 2626 vom
769 2601 796 2627 J.
825 2602 902 2626 1477
930 2602 996 2629 liat:
1020 2604 1279 2636 persistimus.
