2206 2735
1120 81 1192 115 275

223 197 311 231 dom.
342 196 417 231 Rex
447 198 541 230 venit
568 195 686 229 eodem
717 199 866 241 tempore
898 194 1042 228 lxi-unam
1072 197 1160 227 circa
1191 195 1308 227 festum
1339 206 1366 229 s.
1400 194 1623 229 Bartbolemei
1652 200 1683 229 et
1713 196 1894 230 honoratus
1923 197 1982 230 suit
2019 209 2091 231 cum

224 257 288 290 XX
319 259 454 290 marcis.
510 254 592 289 Item
622 255 709 288 vltra
737 254 875 289 easdem
905 253 969 287 XX
999 264 1130 287 marcus
1159 253 1235 288 Rex
1265 255 1427 301 expendit
1459 255 1518 289 VII
1548 267 1692 298 marcas,
1727 268 1791 302 que
1819 260 1926 291 eciam
1957 257 2090 292 suerunt

225 319 345 352 solute.
379 337 422 342 ——
454 315 536 350 Item
552 315 620 349 dux
637 314 788 349 Saxonie
804 314 964 360 expendit
979 313 1036 347 III.
1054 325 1197 357 marcam,
1229 326 1292 361 que
1322 319 1426 349 eciam
1457 316 1590 350 fuerunt
1618 318 1736 350 solute.
1767 337 1816 343 —-
1845 318 1928 352 Item
1956 318 2093 353 quenis

223 378 292 412 dux
327 378 478 412 Saxonie
515 380 592 410 ante
628 376 735 421 Regis
770 375 948 409 aduentum
986 374 1130 408 Brunam
1168 378 1311 409 veniens
1349 379 1543 422 expectauit
1578 377 1707 422 Regem
1744 389 1803 423 per
1836 383 1912 412 octo
1947 378 2018 412 dies
2055 385 2087 413 et

223 443 342 484 postea
371 447 445 471 cum
475 436 573 481 Rege
601 439 720 470 iterum
749 446 908 469 reuersus
937 435 1097 481 expendit
1127 437 1159 468 in
1188 434 1286 469 domo
1307 435 1504 470 Hanckonis
1533 437 1573 470 de
1594 436 1755 471 Olomucz
1785 437 1848 472 XII
1878 450 2021 474 marcas.
2044 461 2085 464 —

222 499 306 533 Item
335 498 467 532 Nuncio
497 500 599 531 misso
629 497 668 531 ad
700 497 827 541 Regem
857 495 1030 540 Hungarie
1059 498 1198 529 racione
1220 496 1420 530 Sti-eunouis
1450 500 1503 542 qui
1534 500 1563 530 in
1591 496 1723 542 Godiug
1752 503 1900 533 seruauit
1929 500 2092 546 profugos

223 564 258 593 et
285 559 487 606 spoliatores
529 558 545 592 1
579 568 704 592 marca.
738 578 780 581 —
821 556 902 590 Item
932 556 1081 590 secundo
1112 559 1234 590 nuncio
1264 559 1365 590 misso
1402 560 1432 590 in
1474 568 1558 603 equo
1594 558 1633 591 ad
1671 569 1786 603 regem
1825 559 1996 605 Hungarie
2030 572 2091 607 pro

223 619 341 654 eodem
375 618 464 653 facto
502 618 531 652 II
569 629 711 652 marcas.
757 638 797 642 —
845 617 928 651 Item
963 617 1003 650 ad
1038 628 1157 663 preces
1195 616 1322 650 Cinium
1359 617 1400 650 de
1436 617 1585 663 Znoyma
1625 622 1678 664 qui
1717 620 1961 666 placitauerunt
2014 634 2089 656 cum

224 680 366 714 dominis
395 679 436 713 de
466 679 598 713 Waltse
627 681 719 713 missi
748 678 883 712 fuerunt
910 679 987 712 illuc
1012 677 1146 712 Luczko
1177 682 1209 711 et
1232 677 1404 712 Ellendus.
1428 699 1467 702 —
1488 679 1569 713 Item
1600 680 1639 713 ad
1662 691 1747 726 opus
1769 681 1925 716 Ecclesie
1952 683 2089 718 fratrum

223 743 387 775 minorum
426 739 488 774 IIII
528 751 670 774 marcas.
714 760 757 763 —
795 738 875 772 Item
914 750 974 785 pro
1009 738 1128 772 Judice
1167 738 1365 772 Streunouis
1404 739 1444 772 de
1480 740 1634 786 Goding‚
1670 745 1723 786 qui
1758 746 1903 777 veniens
1942 748 2089 789 promisit

224 800 360 835 Cluilius
389 800 475 845 quod
505 799 637 847 profugi
666 799 708 834 ibi
738 799 861 833 detenti
891 799 1052 833 deberent
1073 799 1242 845 suspendi.
1275 820 1318 823 —
1350 800 1431 834 Item
1458 804 1578 835 nuncio
1599 801 1717 847 Regis.
1748 806 1801 849 qui
1824 809 1969 838 vocatur
1989 805 2088 847 Abel,

225 865 278 907 qui
309 861 372 895 buc
402 864 496 895 venit
524 865 556 894 et
584 861 624 894 ad
655 860 784 905 Regem
814 860 964 905 Vngarie
994 863 1137 893 transire
1165 860 1280 894 voluit.
1314 881 1356 885 —
1389 862 1463 895 Fol.
1494 862 1554 896 48.
1585 863 1665 896 Item
1696 864 1735 897 ad
1765 870 1962 910 preceptum
1985 866 2089 911 Regis

226 925 460 968 equitauerunt
490 921 631 966 Pragam
671 921 709 955 ad
739 924 1000 955 coronacionem
1030 920 1139 954 Judex
1168 920 1342 955 Jobaunes
1372 921 1557 956 Eberliardi
1587 923 1815 959 wenceslaus
1846 925 1886 959 de
1916 927 2088 972 Auspecz„

224 982 384 1016 Albertus
413 993 488 1016 cum
518 982 626 1016 Ruffis
662 981 781 1016 finibus
810 981 923 1016 Milota
961 982 1002 1015 de
1040 982 1137 1015 domo
1167 981 1376 1016 Tlieutunica
1406 987 1438 1016 et
1467 983 1694 1019 Wenceslaus
1723 986 1763 1019 de
1793 986 2027 1021 'suscbnabicz
2058 993 2090 1021 et

227 1043 464 1090 expenderunt
498 1042 579 1076 XXI
616 1053 699 1076 mar.
740 1063 780 1066 —
823 1042 903 1076 Item
942 1053 1014 1076 cum
1045 1042 1212 1076 Hrosnata
1251 1042 1369 1077 fuisset
1399 1044 1583 1079 decollatus
1621 1046 1706 1080 dom.
1739 1047 1928 1094 Episcopus
1965 1052 2090 1096 incepit

225 1105 314 1138 litem
344 1115 418 1137 cum
440 1102 576 1137 Ciuibus
605 1114 665 1149 pro
694 1103 812 1137 eodem
833 1102 1000 1137 IIrosnata
1031 1108 1062 1136 et
1090 1114 1150 1149 pro
1180 1103 1336 1147 thelonio,
1368 1105 1454 1149 quod
1484 1107 1587 1140 voluit
1617 1111 1647 1140 in
1670 1108 1779 1142 Bruna
1809 1112 1963 1155 recipere
1994 1114 2086 1143 tem—

224 1175 307 1211 pore
336 1164 498 1198 libertatis
527 1167 559 1198 in
588 1163 661 1198 foro
690 1164 823 1197 annuali
853 1167 886 1197 et
913 1174 973 1209 pro
1001 1163 1145 1197 diuersis
1175 1165 1247 1198 aliis
1278 1169 1400 1199 causiS.
1431 1169 1462 1200 in
1492 1166 1609 1211 quibus
1640 1168 1741 1202 voluit
1770 1169 1954 1214 infringere
1983 1174 2091 1216 priui-

224 1226 314 1270 legia
345 1224 497 1259 Ciuitatis
536 1230 569 1258 et
597 1236 679 1270 ergo
709 1224 810 1258 Ciues
840 1227 946 1270 primo
982 1228 1142 1258 miseruut
1179 1226 1219 1259 ad
1255 1226 1384 1270 Regem
1421 1238 1527 1273 Vsque
1573 1231 1724 1262 sueviam
1772 1229 1999 1264 Pernhardum
2037 1235 2091 1278 qui

225 1286 349 1320 absens
379 1286 439 1320 fuit
468 1286 507 1320 ad
537 1290 689 1320 octauam
720 1288 938 1332 septimanam
969 1291 1001 1319 et
1030 1286 1191 1332 expendit
1208 1285 1273 1320 XII
1303 1298 1445 1320 marcas.
1480 1308 1521 1312 —-
1554 1287 1635 1321 Item
1666 1291 1696 1322 iu
1728 1288 1885 1324 absencia
1908 1290 2088 1325 Pernhardi

228 1347 452 1381 Purchrauius
488 1347 529 1380 de
566 1346 714 1381 Modricz
753 1351 783 1380 et
820 1347 931 1380 Judex
966 1347 1006 1381 de
1046 1347 1176 1381 Diu-ans
1214 1352 1466 1381 arrestauerunt
1496 1348 1646 1382 Tboman
1682 1349 1867 1384 Cerdonem
1909 1356 1940 1385 et
1978 1353 2090 1397 plures

226 1408 311 1441 alios
354 1408 535 1453 pullatores
587 1412 619 1441 et
672 1412 832 1441 vectores
876 1406 1026 1441 Ciuitatis
1077 1413 1110 1440 et
1158 1413 1344 1452 coegerunt
1386 1408 1486 1442 Ciues
1537 1409 1623 1454 quod
1675 1421 1734 1455 pro
1782 1412 1869 1445 dicto
1912 1413 2089 1455 Tbelonio,

226 1468 312 1514 quod
343 1467 402 1502 sub
432 1479 534 1501 vsura
563 1467 716 1502 dicebant
747 1479 784 1502 se
814 1471 997 1513 recepisse.
1033 1469 1204 1502 soluerunt
1233 1469 1281 1503 XI
1311 1481 1441 1503 marcas
1470 1475 1501 1503 et
1531 1471 1584 1504 lot.
1629 1491 1668 1495 —
1711 1471 1791 1505 Item
1822 1472 1953 1507 Nuncio
1984 1477 2086 1508 intsso

227 1528 266 1562 ad
297 1528 586 1575 archiepiscopum
621 1532 653 1562 in
683 1529 800 1562 eodem
839 1529 938 1562 facto.
981 1549 1022 1553 —
1063 1529 1145 1563 Item
1183 1541 1257 1563 cum
1294 1530 1378 1563 dom.
1412 1530 1487 1564 Rex
1523 1534 1615 1565 venit
1651 1531 1793 1576 Pragam
1834 1538 1864 1566 et
1902 1534 2091 1581 Episcopus

223 1589 325 1622 vellet
362 1589 461 1623 Ciues
500 1592 795 1623 excommunicare
832 1592 922 1623 missi
960 1590 1092 1623 suerunt
1130 1591 1273 1636 Pragam
1315 1592 1535 1625 Smetczlinus
1569 1592 1727 1627 Ellendus
1765 1594 1991 1629 Swerczerus
2027 1598 2089 1630 (ke.

226 1652 280 1695 qui
310 1655 446 1695 propter
474 1651 625 1696 pericula
653 1653 781 1685 viarum
811 1650 998 1685 habueruut
1027 1651 1091 1684 XX
1121 1662 1283 1696 personas
1312 1657 1344 1686 et
1363 1652 1494 1686 XXVII
1523 1664 1626 1699 equos
1656 1659 1768 1700 preter
1796 1654 1938 1690 famulos
1968 1657 2089 1691 domini

225 1711 266 1744 de
287 1710 430 1744 Rossicz
451 1716 482 1745 et
511 1711 633 1745 domini
664 1711 705 1745 de
725 1710 930 1745 Mesersiecz
950 1723 1010 1757 per
1039 1722 1122 1757 quos
1150 1712 1284 1746 fuerunt
1313 1712 1467 1746 conducti
1498 1718 1529 1746 et
1558 1715 1790 1759 expenderunt
1819 1727 1880 1761 per
1899 1715 1996 1750 XVII
2018 1717 2089 1751 dies

228 1771 374 1805 XXVIII
404 1783 547 1806 marcas.
579 1791 625 1796 —
657 1772 738 1805 Item
770 1771 980 1806 Cancellario
1010 1776 1063 1819 qui
1093 1773 1258 1807 ordinauit
1301 1772 1431 1807 Ciuitati
1463 1774 1574 1808 literas
1605 1788 1622 1808 a
1652 1775 1767 1820 Rege,
1805 1777 1890 1822 quod
1920 1782 2089 1812 annuatim

225 1831 347 1866 debent
377 1835 530 1878 recipere
567 1845 584 1866 a
614 1832 729 1867 Judeis
764 1844 824 1879 pro
854 1833 1004 1867 subsidio
1034 1835 1177 1878 losunge
1213 1835 1237 1867 U
1266 1846 1459 1879 sexagenas
1499 1840 1529 1868 et
1558 1836 1643 1881 quod
1674 1841 1858 1871 communis
1888 1843 1989 1872 strata
2024 1850 2089 1873 nou

221 1892 319 1926 debet
349 1895 492 1927 transire
531 1904 591 1939 per
619 1893 764 1940 Meneys
801 1899 833 1928 et
869 1894 953 1940 quod
992 1894 1032 1927 de
1061 1897 1172 1928 vineis
1211 1899 1280 1929 suis
1316 1898 1346 1929 in
1379 1897 1537 1942 Auspecz
1575 1901 1608 1929 et
1643 1897 1718 1930 alibi
1754 1909 1818 1931 non
1851 1898 1973 1933 debent
2012 1900 2091 1934 dare

224 1953 372 1987 decimas
409 1956 441 1987 in
471 1953 618 1987 denariis
655 1954 713 1988 sed
745 1959 869 1988 tantum
905 1957 936 1988 in
974 1957 1053 1989 vino
1090 1959 1264 2001 propinate
1294 1956 1428 1990 fuerunt
1456 1957 1521 1991 XII
1550 1958 1628 1991 vlne
1657 1958 1697 1991 de
1727 1958 1889 1993 Brucbsel
1920 1965 1952 1994 et
1983 1961 2090 2007 pelles

220 2018 317 2048 varie
346 2025 405 2060 pro
440 2014 519 2048 VIII
550 2017 687 2049 marcis.
717 2014 798 2048 Item
833 2015 1051 2061 scriptoribus
1088 2016 1193 2061 Regis
1224 2017 1252 2050 V
1294 2029 1373 2051 mar.
1431 2017 1510 2051 Item
1542 2018 1824 2065 subscriptoribus
1854 2021 1939 2054 ferto
1968 2027 2001 2056 et
2030 2034 2090 2068 pro

233 2075 494 2120 Registraeione
531 2080 564 2108 et
593 2075 702 2119 sigillo
731 2087 866 2109 aureum
904 2088 963 2123 pro
1000 2076 1062 2110 XII
1097 2081 1240 2122 grossis.
1279 2098 1321 2103 —
1360 2078 1440 2112 Item
1472 2090 1544 2112 cum
1575 2079 1675 2114 Ciues
1705 2080 1746 2114 de
1775 2080 1882 2126 Praga
1912 2086 2091 2117 venissent

227 2140 259 2169 et
290 2134 393 2169 Ciues
424 2138 671 2169 excommucati
707 2141 738 2169 et
775 2136 883 2170 diuina
913 2148 1080 2183 suspensa
1109 2137 1262 2181 fuissent‚
1292 2142 1494 2173 remiserunt
1523 2139 1662 2184 Pragam
1693 2140 1867 2175 Nicolaum
1898 2142 1939 2176 de
1969 2143 2090 2177 Schir-

220 2195 339 2230 nabicz
370 2223 376 2230 .
409 2223 416 2230 .
448 2223 455 2230 .
496 2216 538 2220 —-
575 2195 668 2230 Idem
704 2195 863 2230 Nicolaus
900 2201 1078 2232 reueniens
1116 2199 1184 2232 tulit
1221 2200 1332 2233 literas
1367 2199 1525 2246 Episcopi
1564 2201 1604 2234 ad
1640 2201 1839 2245 Magistrum
1869 2202 2085 2248 IIermanum,

227 2259 255 2290 si
285 2256 385 2290 Ciues
415 2260 579 2302 ponerent
608 2259 822 2299 caucionem,
860 2258 946 2303 quod
976 2258 1016 2291 de
1044 2259 1176 2294 Iniuriis
1214 2261 1275 2294 sibi
1307 2261 1561 2303 satisfacerent,
1601 2267 1679 2296 tunc
1708 2262 1818 2296 diuina
1847 2264 1994 2298 relaxari
2023 2265 2088 2299 de-

224 2316 356 2359 berent,
387 2317 473 2363 quod
503 2316 603 2351 Ciues
633 2316 747 2351 facere
776 2317 929 2352 nolentes
958 2322 1160 2354 remiserunt
1189 2320 1329 2365 Pragam
1360 2320 1533 2355 Nicolaum
1563 2322 1604 2355 de
1632 2322 1746 2356 Monte
1777 2323 1816 2356 ad
1848 2325 2086 2359 cancellarium

223 2377 264 2411 ad
293 2380 499 2423 prepositum
527 2378 568 2412 de
597 2378 750 2412 omnibus
780 2381 904 2413 sanctis
933 2380 973 2413 ad
1003 2380 1090 2415 dom.
1121 2381 1162 2414 de
1191 2381 1359 2415 Lantstein
1391 2386 1422 2415 et
1451 2382 1490 2415 ad
1519 2382 1722 2429 Episcopum
1754 2412 1760 2418 .
1793 2405 1873 2417 .—
1895 2384 1975 2419 Item
1998 2386 2085 2420 idem

223 2437 385 2472 Nicolaus
423 2442 604 2473 reueniens
638 2450 711 2473 cum
743 2438 920 2474 Chuni-ado
951 2440 1084 2475 Goblini
1123 2442 1277 2475 dixerunt
1308 2441 1454 2484 ciuibus,
1493 2443 1578 2488 quod
1609 2443 1717 2477 diuina
1748 2445 1893 2478 relaxari
1923 2445 2086 2481 deberent

223 2501 286 2532 ista
316 2499 534 2543 condicione,
571 2500 658 2546 quod
687 2500 773 2535 Tres
809 2500 850 2534 de
878 2501 1001 2536 Juratis
1039 2503 1079 2536 ad
1107 2502 1314 2548 Episcopum
1349 2507 1380 2536 et
1410 2502 1651 2537 Cancellarium
1683 2504 1827 2549 Pragam
1865 2509 2085 2551 mitterentur‚

223 2562 275 2604 qui
312 2564 496 2594 tractarent
533 2560 574 2594 de
603 2561 784 2595 concordia
830 2573 932 2608 super
967 2566 1078 2597 causis
1115 2574 1196 2608 quas
1235 2563 1426 2610 Episcopus
1462 2564 1591 2598 Ciuitati
1629 2571 1778 2599 mouerat
1813 2571 1845 2600 et
1879 2571 1956 2601 tunc
1993 2571 2085 2602 missi

1924 2638 1983 2664 35³⁴
