2206 2735
1040 50 1085 83 oo*

137 183 176 205 ca
206 182 270 216 que
293 169 462 204 cri-dendo
499 172 528 200 et
570 166 714 199 tenendo
751 175 828 199 esse
858 164 939 198 lidus
969 164 1149 209 apostolica
1185 162 1360 196 defliniret.
1420 163 1485 196 Nos
1522 168 1622 207 igitur
1659 163 1871 198 attendentes
1907 164 1993 210 qnod

137 233 299 266 dictorum
337 229 548 263 articulorum
585 230 740 261 assertio.
778 224 974 271 predicatio,
1009 228 1042 257 et
1071 223 1219 258 doctrina
1248 222 1437 257 redundare
1467 228 1618 269 poterunt
1647 227 1678 258 in
1707 224 1880 258 multarum
1911 235 1995 270 per-

139 303 256 326 nicicm
294 300 489 324 ammarum.
526 292 617 334 ipsos
655 298 713 332 per
751 287 862 331 plures
899 284 1082 330 Magistros
1115 287 1146 318 in
1182 283 1366 327 Theologia
1405 288 1590 318 examinari
1628 284 1767 318 fecimus
1805 284 1992 329 diligenter.

142 353 207 386 Nos
236 354 298 396 ipsi
326 353 426 384 etiam
454 360 529 382 cum
559 348 654 382 dictis
684 345 838 380 fratribus
867 348 990 379 nostris
1020 345 1276 378 collocutionem
1307 344 1465 378 solertam
1486 344 1657 379 habuimus
1681 356 1783 390 super
1813 347 1906 391 ipsis,
1935 356 1996 390 pei·

137 424 216 457 quas
253 410 385 457 quidem
423 410 676 443 collocutionem
714 412 748 441 et
784 408 1067 440 examinationem
1104 416 1206 451 snper
1242 404 1304 438 lioc
1334 404 1522 450 preli-abitas
1551 408 1774 451 comperimus
1812 408 1993 451 premissos

139 472 294 506 articulos
324 471 505 505 doctrinam
535 480 599 503 non
631 479 745 502 sanam
770 466 828 500 sed
859 466 1078 512 periculosam
1108 466 1242 499 nmltum
1264 470 1293 498 et
1318 468 1447 498 veritati
1472 469 1673 500 contrariam
1695 469 1879 509 continere,
1911 478 1993 512 quos

138 536 236 566 ctiam
265 531 420 566 articulos
449 541 565 565 omnes
595 534 628 562 ct
657 528 808 573 singulos
838 526 922 560 idem
949 525 1110 570 Magister
1137 525 1308 560 Joliannes
1338 529 1428 559 veris
1458 526 1518 559 sibi
1548 526 1728 560 rationibus
1756 529 1904 572 opinioni
1934 537 1994 561 suc

138 593 256 627 dudum
287 592 398 626 habite
426 593 603 625 contrariis
633 589 866 622 demonstratis
892 590 922 621 in
953 586 1162 620 Consistorio
1192 589 1380 620 revocavit.
1417 597 1575 621 asserens
1605 597 1642 620 se
1670 586 1811 620 credere
1840 598 1899 621 eos
1929 599 1993 621 non

138 665 214 688 esse
243 663 356 691 veros,
386 651 446 686 sed
476 654 622 698 ipsorum
652 651 852 683 contrarium
882 658 998 682 verum
1029 657 1120 683 esse.
1150 658 1223 680 eum
1253 647 1379 680 diceret
1404 658 1441 682 se
1462 649 1594 681 nescire
1615 647 1796 681 rationibus
1816 647 1993 681 sibilacus

139 719 168 749 in
198 716 401 748 contrarium
429 710 647 758 respondere.
696 709 842 755 Ideoque
872 719 914 742 ne
943 719 1003 754 pei·
1031 710 1262 749 assertionem,
1293 708 1566 753 predicationem.
1597 712 1629 741 et
1658 707 1843 741 doctrinam
1874 708 1993 742 liuius-

139 775 223 809 iuodi
252 778 284 808 in
313 784 460 807 errorem
490 771 576 818 quod
606 770 692 805 absit
715 772 823 804 anime
844 769 1040 815 simplicium
1061 768 1287 814 prolabantur.
1318 779 1434 803 onmes
1455 768 1622 814 predictos
1645 768 1801 802 articulos
1821 773 1854 803 et
1872 780 1993 815 quem-

137 837 214 870 libet
250 846 362 869 eorum
401 838 556 879 tanquam
595 831 697 865 falsos
735 835 766 864 et
801 841 974 864 erroneos.
1012 834 1045 863 et
1081 841 1098 863 a
1137 829 1286 863 doctrina
1318 840 1399 863 sana
1437 829 1555 863 devios
1584 832 1781 864 anctoritate
1810 831 1992 876 apostolica

138 897 354 942 dampnamus
384 899 417 928 et
444 892 672 939 reprobamus,
703 891 743 925 de
771 890 908 924 fratrum
937 890 1078 924 consilio
1108 889 1330 936 predictorum
1351 890 1534 924 doctrinam
1556 893 1637 936 ipsis
1657 893 1859 924 conti-ariam
1880 901 1993 924 veram

139 968 218 991 csse
242 961 275 990 et
303 954 507 989 Catholicam
536 956 743 987 asserentes.
773 962 846 984 cnm
872 951 916 984 illi
945 954 998 997 qni
1027 950 1184 997 predictis
1205 950 1362 985 fratribus
1382 950 1583 985 confitentur
1603 962 1667 985 nou
1690 954 1797 994 magis
1818 955 1996 985 teneantur

139 1018 255 1051 eadem
292 1020 430 1062 peccata
465 1014 617 1049 confiteri
656 1024 751 1059 quam
789 1015 815 1046 si
854 1013 935 1046 alias
970 1009 1021 1046 illa
1051 1011 1199 1046 confessi
1229 1011 1369 1046 fuissent
1400 1015 1533 1058 proprio
1563 1012 1728 1046 sacerdoti
1758 1023 1871 1046 eornm
1902 1015 1994 1045 iuxta

140 1079 260 1112 dictum
290 1076 465 1111 concilium
495 1075 666 1120 generale.
698 1073 859 1120 Optantes
888 1077 998 1107 autem
1029 1075 1178 1107 veritatis
1206 1075 1281 1106 vias
1304 1077 1400 1106 notas
1420 1083 1498 1106 esse
1523 1072 1673 1107 fidelibus
1693 1077 1726 1106 et
1745 1076 1874 1106 cunctis
1895 1083 1997 1106 erro-

141 1139 229 1173 ribus
258 1136 457 1184 precludere
486 1136 608 1169 aditum
638 1146 681 1169 ne
709 1134 906 1176 subintrent,
935 1132 990 1167 fel.
1021 1144 1089 1167 rec.
1121 1133 1306 1167 Alexandri
1328 1132 1389 1167 1111
1417 1138 1449 1167 et
1479 1133 1658 1167 Clementis
1679 1132 1740 1167 llll
1770 1133 1997 1167 Romanorum

142 1198 334 1233 Pontificum
369 1197 646 1243 predecessorum
683 1199 872 1229 nostrorum
911 1197 1055 1239 vestigia
1087 1193 1243 1228 imitando
1273 1196 1438 1227 universis
1468 1198 1499 1227 et
1527 1194 1669 1238 singulis
1697 1193 1877 1227 districtius
1907 1192 1998 1226 inhi-

141 1261 255 1294 bemus
284 1270 326 1293 ne
351 1261 523 1305 qnisquam
552 1257 657 1291 dictos
687 1256 845 1290 articulos
882 1266 942 1301 per
970 1266 1043 1291 nos.
1082 1259 1115 1287 ut
1144 1257 1352 1300 premittitur.
1387 1254 1584 1300 dampnatos
1613 1258 1646 1287 et
1673 1256 1772 1288 etiam
1801 1253 1997 1300 reprobatos

141 1322 194 1354 vel
223 1323 379 1354 contenta
408 1321 510 1352 ineis
539 1318 592 1351 vel
613 1317 722 1362 aliquo
751 1327 866 1350 eorum
895 1320 1025 1361 utpote
1055 1327 1071 1348 a
1102 1314 1281 1349 Catholicis
1311 1315 1474 1349 mentibus
1503 1315 1690 1360 respuenda
1719 1319 1836 1348 tenere
1865 1314 1996 1349 audeat.

140 1392 200 1416 seu
236 1380 415 1414 defensare
451 1377 695 1424 quomodolibet
730 1377 784 1411 vel
813 1377 949 1411 docere.
1001 1376 1167 1417 Quocirca
1197 1375 1395 1410 fraternitati
1425 1380 1539 1410 vestre
1568 1386 1629 1421 per
1657 1375 1840 1421 apostolica
1870 1378 1994 1420 scripta

140 1442 288 1476 districte
317 1439 532 1486 precipiendo
561 1439 768 1475 mandamus.
797 1440 952 1483 quatinus
981 1440 1129 1471 universi
1159 1441 1192 1470 et
1212 1437 1333 1481 singuli
1362 1441 1511 1470 vestrum
1541 1439 1573 1470 in
1594 1435 1791 1470 Civitatibus
1820 1440 1854 1469 et
1877 1435 1997 1469 dioce—

141 1502 231 1537 sibus
261 1503 383 1535 vestris
412 1506 602 1534 convocato
627 1499 726 1534 Glero
755 1501 976 1533 communiter
1004 1500 1114 1532 onmia
1143 1500 1308 1543 premissa
1338 1501 1369 1531 et
1397 1498 1527 1542 singula
1552 1508 1612 1543 per
1640 1507 1703 1530 vos
1732 1507 1792 1531 seu
1822 1497 1905 1530 alios
1935 1507 1998 1530 so-

142 1564 241 1598 lerter
269 1562 454 1609 publicetis.
487 1561 554 1595 Nos
583 1561 691 1595 eidem
720 1559 883 1605 Magistro
913 1557 1060 1592 Johanni
1089 1558 1318 1592 mandavimus
1348 1557 1433 1603 quod
1459 1561 1532 1604 ipse
1561 1560 1591 1591 in
1621 1557 1746 1592 scholis
1780 1561 1812 1591 et
1839 1567 1997 1591 sermone

142 1623 274 1658 Parisiis
302 1622 469 1669 predictos
497 1621 655 1655 articulos
684 1625 717 1655 et
744 1624 900 1655 contenta
930 1622 961 1653 in
992 1621 1042 1653 eis
1071 1623 1236 1665 tamquam
1266 1621 1398 1653 veritati
1427 1621 1613 1652 contrarios
1642 1621 1775 1664 proprie
1794 1620 1890 1652 vocis
1915 1628 2000 1651 ora-

141 1685 215 1718 culo
252 1688 284 1717 et
320 1686 571 1718 asseveratione
599 1684 765 1716 constanti
793 1680 925 1728 publice
953 1679 1074 1714 debeat
1102 1690 1278 1716 revocare,
1317 1679 1401 1726 quod
1431 1689 1468 1713 se
1497 1678 1660 1712 facturum
1690 1678 1794 1712 dictus
1823 1677 1996 1712 Johannes

142 1745 323 1779 efficaciter
351 1746 547 1790 repromisit.
578 1743 698 1777 Datum
728 1743 897 1777 Avinione
926 1740 957 1775 ΙΙ
982 1739 1151 1774 Kalendas
1180 1739 1325 1785 Augusti
1355 1740 1455 1774 Anno
1485 1739 1636 1773 Decimo.

450 1823 526 1857 (Aua
550 1823 605 1848 den
631 1822 709 1856 Orig.
734 1822 807 1855 Reg.
834 1820 967 1846 Clemens
991 1819 1036 1847 Vl.
1065 1818 1114 1845 lib.
1141 1821 1167 1849 3,
1193 1827 1259 1853 pars
1284 1821 1310 1849 12,
1336 1819 1420 1852 epist.
1447 1819 1494 1845 53,
1513 1827 1578 1852 pag.
1607 1818 1656 1843 1⁴5:
1685 1818 1831 1843 viriimirto
1849 1817 1999 1843 Abschrifi

555 1875 591 1899 im
616 1873 857 1900 Laudesarcliiv.i

1025 2018 1129 2054 1⁰1.

299 2096 489 2151 Hermian
526 2115 644 2150 Probst
690 2126 757 2150 von
803 2115 916 2149 Brunn
954 2114 1113 2159 bestatigt
1150 2114 1197 2148 als
1236 2112 1483 2147 Generalviliar
1519 2112 1578 2146 des
1615 2110 1785 2145 Olmiitzer
1824 2110 1998 2145 Bischofes

145 2176 277 2211 Joliann
305 2176 365 2211 das
393 2177 732 2220 Uebereinkommen‚
764 2175 915 2211 welches
944 2174 1120 2209 zwischen
1149 2174 1222 2208 dem
1244 2172 1377 2207 Pfarrer
1405 2184 1472 2206 von
1492 2172 1706 2206 Waltrowitz
1735 2174 1913 2205 einerseits
1934 2171 1998 2204 und

145 2237 317 2272 zwischen
347 2237 410 2272 den
441 2238 592 2272 Briidern
620 2237 759 2281 Jenezo,
788 2237 901 2271 Renes
932 2236 997 2271 und
1026 2235 1185 2270 Nicolaus
1215 2245 1281 2268 von
1310 2232 1555 2268 Rausenbruck
1576 2232 1752 2278 beziiglicli
1781 2232 1841 2266 der
1859 2231 1998 2278 Kapellc

145 2301 176 2331 in
205 2298 449 2333 Rausenbruck
477 2299 700 2344 geschlossen
729 2297 858 2332 wurde.
888 2297 942 2331 Dt.
972 2295 1112 2331 Cliunitz
1142 2294 1188 2329 XI
1218 2294 1344 2329 Mensis
1375 2295 1532 2339 Augusti.

455 2378 533 2413 (vid.
558 2378 607 2404 ΝΥ.
632 2374 693 2414 7⁹.)
