2206 2735
1038 27 1085 61 94

140 156 200 190 pro
235 149 345 178 nostra
384 148 413 175 et
453 142 640 187 apostalice
674 140 764 174 sedis
800 144 991 174 reverentia
1021 143 1219 186 propensius
1248 139 1511 172 emnmeudatus.
1549 141 1651 183 ipsum
1690 137 1823 179 benigni
1861 136 1985 170 favoris

141 205 264 238 auxilia
295 205 519 249 prosequaris.
552 201 596 235 lta
627 201 713 246 quod
744 201 828 234 idem
858 198 1032 235 ‚lebannes
1062 201 1196 235 Electus
1226 199 1428 233 celsitudinis
1458 204 1512 232 tue
1541 199 1638 232 l'ultus
1676 198 1800 231 auxilio
1830 201 1859 232 in
1890 208 1987 231 com-

142 270 241 299 misso
271 264 330 297 sibi
360 264 508 309 predicte
529 262 724 296 Olumucen.
757 263 900 296 ecclesie
930 265 1091 306 regimine
1112 264 1215 308 possit
1237 260 1308 294 Deo
1329 262 1476 305 propicio
1498 262 1700 305 prosperari.
1731 269 1770 291 ae
1791 258 1845 292 tibi
1866 258 1988 292 exind«-

143 339 159 359 a
201 326 270 358 lieu
307 327 463 369 perennis
497 326 565 357 vite
602 325 773 368 premium.
816 327 848 356 et
883 335 901 356 a
937 322 1033 356 uobis
1068 322 1233 365 condigna
1279 323 1454 366 proveniat
1493 323 1673 363 gratiarum
1716 322 1812 353 actio.
1871 318 1987 352 Datum

145 391 173 418 ul
204 396 313 430 supra.
351 405 387 408 —

453 436 529 470 (Aus
555 436 609 460 iit-n
635 435 799 469 orig-1:053.
831 436 964 460 (simu—,ns
994 436 1040 461 w.
1082 434 1129 460 lib.
1163 436 1186 468 l,
1225 435 1309 468 epist.
1335 434 1385 466 35,
1419 442 1484 466 [ηιμ.
1518 434 1556 458 22
1582 434 1635 458 und
1663 435 1719 466 233
1753 432 1895 458 vidimirte
1927 432 1991 456 Al»-

555 488 655 513 schrift
681 488 715 512 iiii
743 484 998 526 hamb-sarchivv.)

1021 615 1123 650 127.

302 692 495 745 Johanucs
526 711 566 744 de
597 711 711 745 Reste.
743 711 849 747 miles.
880 714 1025 755 resignat
1056 707 1173 744 Cal-olo
1204 710 1261 744 lv,
1293 714 1401 744 omnia
1427 711 1502 754 jura
1532 709 1659 742 ducalia
1690 712 1719 742 in
1750 709 1825 742 villa
1856 710 1994 752 Sti-igo-

151 776 282 806 nuwicz
311 778 340 806 el
373 776 401 806 iu
433 773 549 805 decem
582 776 704 805 mansis
735 774 806 805 silis
835 773 866 805 in
894 771 1062 806 Wilczow
1092 771 1151 805 sub
1181 773 1367 804 testimonio
1397 770 1496 815 sigilli
1527 772 1670 804 civitatis
1687 769 1992 803 tt'rauslavnmsis.

152 833 204 866 ΙΝ.
235 833 450 867 tt'mtislauie
481 832 653 866 Dominica
685 835 787 878 prima
819 832 993 866 Aduenlus
1023 832 1152 865 Domini
1186 848 1194 849 ff
1250 830 1284 864 ·l.
1315 830 1504 864 December
1538 830 1644 863 1351.

458 912 530 943 (Dic
558 911 694 936 l'i-knusle
720 912 745 936 iii
773 910 920 936 Abschrii't
946 911 972 936 in
998 911 1133 943 Privileg,
1160 910 1230 942 Reg.
1258 910 1326 936 1301».
1354 909 1483 934 Manusk.
1511 909 1547 936 M,
1567 909 1629 934 Vll.
1647 910 1685 934 ⁴28
1712 909 1746 933 im
1769 907 1997 933 timulcsarcllivv

562 972 587 996 1).
615 964 691 999 siiltl;
717 963 895 995 abgedruckt
921 963 947 988 in
973 960 1078 988 l‘elzl's
1103 963 1173 988 liar!
1200 963 1247 989 iv,
1276 961 1461 988 iulumdvnb.
1487 970 1548 987 zum
1575 962 1595 986 Ι.
1622 962 1673 986 Tb.
1699 969 1725 994 p.
1756 961 1836 995 l-JT.)

1032 1109 1132 1144 128.

155 1196 302 1238 ‚loltcirtm7
333 1196 521 1241 illarlffflvf
542 1207 604 1229 von
625 1195 782 1239 ΜᾶΙιι-εη,
813 1194 999 1239 ὺεεΐιϊίῐῃεί
1027 1196 1088 1229 den
1118 1194 1402 1239 Selese'edssprucles,
1436 1194 1584 1228 welcher
1612 1193 1778 1227 zzciscleen
1807 1194 1868 1226 der
1897 1193 2000 1227 Statu

206 1257 323 1290 Brimu
355 1257 421 1289 mad
447 1257 518 1290 (lem
541 1256 821 1300 It'olnffl'nltlosler
850 1255 1025 1299 bezuylicle
1055 1257 1113 1289 des
1150 1256 1410 1291 lt'einz-eleentes
1439 1257 1471 1289 ἱη
1502 1255 1646 1299 Auspitz
1672 1255 1794 1300 qefa'lll
1825 1255 1947 1287 erm-de.

771 1316 830 1350 De.
860 1316 978 1350 Brmm
1007 1316 1042 1351 6.
1059 1317 1249 1350 December
1272 1316 1379 1350 1351.

311 1384 399 1437 Ros
427 1403 576 1437 Jobanes
606 1404 657 1437 dei
685 1406 798 1448 gracia
828 1403 978 1437 tllarcbio
1008 1403 1160 1437 Morauie
1190 1402 1308 1437 Notum
1328 1403 1468 1437 facimus
1497 1405 1664 1436 vniuersis
1694 1402 1788 1444 Quod
1818 1413 1891 1436 cum
1921 1403 2002 1436 alias

158 1468 241 1497 iuter
275 1463 467 1508 Religiosas
504 1463 705 1497 abbatissam
742 1467 775 1497 et
808 1464 1013 1497 Conuentum
1052 1462 1244 1498 Monasterii
1282 1464 1415 1509 Regiae
1450 1467 1481 1497 in
1518 1466 1649 1509 antiqua
1689 1463 1823 1497 Brvnna
1867 1463 2003 1497 denotas

158 1529 290 1558 nostras
328 1535 370 1557 ex
408 1535 473 1557 vua
511 1528 541 1557 et
579 1523 678 1557 Ciues
709 1523 858 1557 Ciuitatis
890 1524 1025 1557 Brvnne
1063 1524 1178 1559 fideles
1214 1530 1346 1559 nostros
1382 1529 1476 1571 parte
1510 1536 1554 1558 ex
1594 1525 1695 1558 altera
1733 1524 2003 1570 super-decimis

159 1588 330 1618 vincarum
361 1587 392 1618 in
422 1595 566 1630 auspecz
595 1587 723 1628 questio
753 1589 786 1617 et
814 1585 852 1618 lis
881 1589 1072 1619 moueretur
1101 1596 1145 1618 ex
1174 1589 1268 1631 parte
1297 1585 1488 1619 earumdem
1518 1585 1686 1619 ambarum
1717 1588 1862 1630 parcium
1892 1583 2004 1617 arbitri

160 1656 219 1678 seu
248 1644 462 1678 arbitratores
492 1649 523 1678 et
553 1647 626 1678 iusti
655 1649 687 1678 et
715 1645 906 1679 amicabiles
937 1645 1030 1679 buius
1059 1648 1242 1690 questionis
1271 1649 1514 1692 compositores
1536 1651 1609 1680 sunt
1629 1646 1738 1681 electi.
1768 1648 1820 1690 qui
1842 1650 2004 1691 tamquam

160 1709 221 1739 viri
251 1705 384 1739 discreti
414 1710 444 1739 et
473 1705 601 1751 prouidi
632 1705 779 1739 arbitrati
808 1711 884 1740 sunt
912 1711 944 1739 et
972 1706 1215 1740 adiuueneruut
1243 1711 1274 1740 et
1302 1707 1548 1749 ordinauerunl,
1578 1711 1612 1740 ut
1632 1706 1671 1740 de
1687 1705 1877 1740 Melioribus
1907 1717 2006 1739 mon—

161 1770 246 1800 tanis
276 1771 307 1799 et
337 1769 444 1800 vineis
473 1766 592 1800 ibidem
623 1770 653 1800 in
683 1778 827 1812 auspecz
856 1778 915 1813 pro
945 1767 1088 1812 qualibet
1116 1778 1198 1801 vrua
1219 1770 1288 1802 vini
1308 1770 1452 1812 quinque
1471 1769 1582 1811 grossi
1603 1778 1787 1813 pragenses
1809 1767 1848 1800 de
1870 1764 2007 1801 Medio-

162 1826 275 1860 cribus
304 1831 412 1860 autem
442 1831 582 1872 quatuor
609 1830 733 1871 grossi,
763 1826 803 1860 de
831 1827 997 1873 peioribus
1026 1838 1109 1861 vero
1138 1828 1223 1862 Tres
1251 1831 1362 1872 grossi
1391 1828 1478 1861 dicto
1507 1827 1710 1862 Monaslerio
1739 1831 1769 1861 in
1799 1832 1896 1861 antea
1927 1838 2006 1873 per-

165 1890 273 1933 petuis
312 1887 514 1932 temporibus
551 1890 686 1921 racione
722 1887 923 1921 decimarum
962 1899 1020 1934 per
1054 1888 1160 1922 dictos
1195 1887 1294 1922 Ciues
1331 1892 1363 1921 et
1399 1888 1482 1922 alios
1510 1891 1563 1934 qui
1592 1890 1710 1921 vineas
1740 1887 1857 1921 ibidem
1888 1884 2009 1921 colunt.

166 1952 238 1980 suut
270 1947 419 1980 soluendi
450 1950 522 1981 siue
551 1947 695 1993 qualibet
724 1948 1004 1982 contradiccione.
1052 1948 1093 1982 Et
1122 1951 1196 1994 quia
1226 1948 1321 1982 ambe
1349 1953 1461 1994 partes
1490 1948 1638 1994 predicte
1667 1951 1698 1982 in
1730 1950 2011 1994 pronunciacione

168 2007 296 2052 prel'ale
325 2008 550 2041 ordinacionis
580 2013 611 2041 et
641 2008 763 2042 arbitrii
792 2008 946 2043 beniuole
976 2014 1133 2043 contente
1162 2014 1275 2043 nostre
1304 2009 1560 2054 magnificencie
1594 2009 1758 2043 humiliter
1787 2008 2013 2054 supplicarunt

168 2072 200 2100 ut
235 2070 265 2100 in
302 2067 402 2101 robur
436 2072 628 2113 perpetuum
663 2072 805 2102 omnium
843 2070 1064 2114 predictorum
1100 2070 1347 2104 ordinacionem
1385 2070 1525 2104 eandem
1564 2070 1748 2116 approbare
1786 2069 2010 2113 dignaremur.

169 2127 237 2161 Nos
265 2138 376 2161 earum
406 2128 601 2161 instantibus
630 2129 934 2174 supplicacionibus
964 2130 1110 2175 benigne
1130 2135 1317 2165 annuentes
1346 2134 1563 2177 prescriptam
1592 2130 1840 2164 ordinacionem
1870 2140 2011 2176 compo-

169 2191 326 2221 sicionem
356 2193 387 2221 et
417 2188 539 2223 arbitrii
567 2193 881 2234 pronunciacionem
912 2191 1081 2225 laudamus
1110 2190 1330 2237 approbamus
1359 2196 1390 2225 et
1419 2191 1459 2225 de
1486 2193 1657 2237 potestatis
1678 2194 1791 2224 nostre
1811 2190 2012 2236 plenitudine

170 2249 403 2282 contii-mamus
440 2249 662 2283 decernentes
695 2253 957 2296 prenominatam
997 2251 1246 2285 ordinacionem
1282 2251 1556 2298 quemadmodum
1591 2254 1622 2285 in
1657 2251 1761 2285 literis
1802 2254 1887 2284 inter
1924 2254 2012 2296 ipsas

172 2312 284 2354 partes
314 2320 415 2354 super
443 2321 483 2343 eo
512 2310 687 2344 alterutras
717 2311 880 2345 confectis
909 2315 1096 2346 continetur
1124 2312 1225 2346 robur
1252 2316 1402 2358 optinere
1431 2316 1590 2358 perpetue
1618 2312 1777 2345 firmitatis
1806 2311 1918 2344 barum
1948 2322 2013 2345 uo·-

172 2373 312 2402 strarum
343 2369 460 2415 quibus
489 2370 638 2414 Sigillum
668 2376 814 2405 nostrum
845 2372 988 2418 appendi
1025 2372 1167 2406 fecimus
1196 2372 1402 2407 Testimonio
1429 2373 1608 2406 literarum.
1651 2371 1769 2406 Datum
1799 2371 1934 2405 Brvnne
1963 2371 2014 2405 die

174 2432 281 2463 sancti
309 2429 441 2463 Martini
470 2430 674 2464 confessoris
704 2430 802 2465 Anno
832 2431 952 2465 domini
981 2431 1156 2467 Millesimo
1191 2432 1285 2466 CCC⁰
1314 2432 1352 2467 L⁰
1378 2435 1494 2479 primo.

480 2505 554 2545 (Aus
578 2509 640 2534 dem
674 2508 768 2535 Codex
793 2509 843 2536 Nr.
867 2511 905 2535 34
930 2510 978 2537 fol.
1004 2509 1078 2545 51sb
1106 2511 1142 2536 im
1168 2510 1292 2537 Arebive
1317 2512 1367 2536 der
1388 2511 1416 2536 k.
1442 2510 1528 2538 Stadt
1550 2510 1672 2547 Bruun.)
