2206 2735
1114 73 1185 106 2123

231 191 415 232 assignauit
443 189 703 234 peremptorium
732 190 903 220 terminum
934 190 1179 232 competentem
1208 186 1243 219 ln
1273 197 1337 232 quo
1366 187 1495 231 quidem
1527 189 1666 220 termino
1697 187 1781 220 datis
1811 198 1870 233 per
1898 187 2075 232 quamlibet

225 250 373 294 parcium
403 247 624 293 predictarum
653 246 846 292 quibusdam
867 246 1136 290 Interrogatoriis
1166 257 1268 292 super
1292 247 1522 281 examinandis
1544 247 1680 281 testibus
1696 250 1727 281 in
1758 247 1903 293 partibus
1923 246 2074 293 Ipsisque

227 308 498 352 Interrogatoriis
528 318 593 341 vna
631 317 705 340 cum
739 307 835 341 dictis
877 306 1101 353 posicionihus
1142 311 1175 340 et
1203 307 1360 340 Articulis
1403 307 1538 341 inclusis
1581 311 1613 340 et
1648 310 1783 341 insertis
1819 319 1858 341 ac
1895 308 2004 352 ligatis
2043 313 2072 341 et

226 369 336 413 sigillo
365 371 467 415 ipsius
502 367 624 401 domini
662 367 820 413 Stephani
856 366 1028 401 Auditoris
1066 367 1216 411 sigillatis
1253 366 1343 400 Idem
1373 366 1523 401 dominus
1561 367 1752 412 Stephanus
1790 368 1932 401 Auditor
1967 368 2073 401 dictos

228 428 398 463 Articulos
428 432 461 461 et
488 427 750 472 Interrogatoria
781 438 847 462 vna
876 438 949 460 cum
979 427 1074 460 litera
1103 427 1255 472 predicte
1283 426 1506 460 Remissionis
1535 438 1617 461 vera
1647 426 1732 460 hulla
1770 427 1920 473 plumbea
1952 428 2072 462 domini

226 500 310 535 pape
338 499 430 522 inore
458 487 611 521 Romane
640 491 731 522 curie
759 488 880 521 bullata
909 498 968 532 per
1002 490 1156 521 nuncium
1193 490 1369 521 iuraratum
1405 487 1490 530 (sic)
1527 486 1707 533 predictum
1746 487 1917 521 Judicibus
1947 488 2070 522 eisdem

227 550 366 583 fideliter
409 548 627 594 exequendos
670 549 846 582 destinauit
891 552 922 581 et
964 550 1146 582 transmisit
1191 547 1333 593 Ipsaque
1370 547 1584 582 Remissione
1620 559 1686 581 vna
1723 559 1797 581 cum
1835 549 1995 583 Articulis
2039 554 2069 582 et

226 609 499 653 Interrogatoriis
528 609 686 655 predictis
714 607 885 642 Judicibus
914 611 993 653 ipsis
1022 611 1053 642 in
1083 608 1231 654 partibus
1261 620 1320 654 per
1348 608 1468 642 dictum
1497 611 1653 642 nuncium
1683 608 1823 642 fideliter
1851 608 2018 654 publicata
2039 614 2070 643 et

226 681 286 715 pei·
320 669 457 703 Judices
495 669 631 703 eosdem
670 669 847 713 diligenter
882 674 1026 703 executa
1059 674 1091 702 et
1126 669 1257 703 tandem
1295 668 1334 702 ad
1364 668 1548 702 Romanam
1577 671 1700 702 curiam
1732 680 1796 702 vna
1826 680 1899 702 cum
1930 670 2070 715 deposi-

226 729 374 764 cionibus
404 732 535 764 testium
564 740 624 775 pro
653 728 797 775 qualibet
825 732 973 775 parcium
1004 729 1223 775 predictarum
1252 733 1282 763 in
1313 730 1399 764 111613
1429 741 1530 763 631153
1560 729 1793 775 productorum
1824 734 1855 763 et
1885 742 1945 775 per
1965 730 2069 764 dictos

225 790 362 825 ,ludices
399 793 663 824 examinatorum
701 789 760 824 sul)
795 790 914 834 sigillis
948 791 1129 824 eorundem
1163 790 1317 824 Judicum
1352 791 1506 824 inclusis.
1554 792 1693 823 remissa
1732 794 1764 823 et
1800 794 1980 835 reportata,
2029 802 2068 824 ac

226 851 355 896 prefato
393 851 525 884 domino
567 850 737 896 Stephano
772 850 936 884 Auditor-e
972 850 1112 884 fideliter
1154 851 1356 897 republicata
1386 850 1534 884 Tandem
1577 850 1705 896 prefato
1736 850 1869 884 domino
1899 850 2070 884 Clemente

228 923 313 957 papa
344 911 388 945 Vl
418 916 593 957 antequam
622 911 661 945 ad
692 911 819 956 aliquos
849 911 930 945 alios
959 917 1053 946 actus
1091 915 1123 946 in
1161 912 1346 946 huiusmodi
1386 924 1489 946 causa
1519 922 1714 957 processum
1744 911 1864 945 fuisset
1894 913 1979 945 sicut
2008 911 2071 944 ‹lo-

226 975 314 1005 1111110
344 972 466 1018 placuit
494 971 594 1007 rebus
625 971 777 1006 humanis
813 977 969 1018 exempto
1007 977 1038 1006 et
1068 973 1285 1007 Sanctissimo
1314 977 1409 1018 patre
1438 977 1469 1006 et
1498 972 1631 1006 domino
1660 977 1773 1006 nostro
1803 972 1936 1005 domino
1965 972 2071 1006 Inno-

226 1037 344 1067 cencio
373 1033 482 1066 diuina
511 1032 726 1079 prouidencia
756 1045 841 1079 papa
870 1033 916 1067 Vt
955 1033 993 1067 ad
1030 1036 1156 1079 apicem
1193 1034 1320 1067 Summi
1349 1033 1568 1079 Apostolatus
1597 1037 1769 1078 assumpto
1798 1032 1888 1066 Idem
1919 1033 2069 1067 dominus

226 1093 448 1127 lnnocencius
477 1105 563 1139 papa
591 1093 743 1128 omnibus
772 1099 805 1127 et
834 1095 973 1139 singulis
1003 1097 1088 1128 sacri
1119 1095 1237 1140 palacii
1266 1105 1442 1128 causarum
1470 1093 1689 1128 Auditoribus
1720 1096 1883 1127 commisit
1912 1097 1945 1126 et
1972 1104 2070 1127 man-—

226 1154 314 1188 dauit
356 1159 388 1187 ut
424 1165 542 1188 causas
579 1165 660 1200 quas
697 1165 741 1188 ex
783 1158 1020 1190 commissione
1058 1155 1133 1188 dicti
1162 1154 1284 1188 domini
1314 1153 1491 1188 Clementis
1528 1153 1782 1199 predecessoris
1811 1157 1861 1187 sui
1891 1152 2067 1187 audiebant

226 1220 435 1249 resumerent
464 1218 495 1248 in
524 1219 609 1249 statu
638 1216 669 1248 in
699 1225 763 1260 quo
792 1220 1023 1249 remanserant
1059 1219 1207 1260 tempore
1245 1214 1352 1249 obitus
1382 1215 1457 1248 dicti
1486 1215 1736 1261 predecessoris
1765 1225 1891 1259 easque
1920 1213 2070 1247 audirent

226 1280 258 1308 et
287 1278 318 1309 111
349 1278 396 1309 615
426 1275 648 1321 procederent
677 1278 767 1309 iuxta
798 1281 945 1310 tenorem
976 1280 1009 1309 et
1038 1275 1174 1309 formam
1212 1278 1480 1310 commissionum
1510 1275 1669 1309 factarum
1700 1275 1825 1308 eisdem
1855 1274 2068 1308 Postmodum

226 1335 376 1381 prefatus
415 1336 566 1370 dominus
604 1335 827 1370 Innocencius
865 1348 948 1382 papa
986 1337 1026 1370 ad
1064 1336 1347 1382 supplicacionem
1384 1335 1501 1382 prefati
1530 1335 1691 1369 Johannis
1720 1336 1911 1381 principalis
1940 1335 2070 1381 prefato

225 1396 358 1430 domino
397 1397 569 1443 Stephano
603 1396 757 1430 Auditori
795 1400 960 1431 commisit
994 1402 1027 1431 111
1062 1397 1182 1431 dictam
1212 1399 1444 1431 remissionem
1474 1401 1505 1430 et
1535 1397 1771 1442 deposiciones
1801 1399 1932 1430 testium
1963 1407 2070 1442 appe-

225 1460 304 1490 11161
339 1461 370 1491 61
407 1460 438 1490 111
476 1457 562 1491 111613
598 1468 700 1491 causa
744 1458 881 1491 ulterius
922 1458 1121 1503 procederet
1162 1462 1193 1491 et
1234 1457 1382 1503 partibus
1411 1460 1571 1491 iusticiam
1602 1459 1803 1490 ministraret
1832 1456 2065 1501 Cniusquidem

224 1520 468 1552 commissionis
497 1521 617 1562 vigore
657 1517 746 1553 Idem
778 1518 929 1552 dominus
960 1518 1150 1564 Stephanus
1180 1518 1322 1552 Auditor
1349 1521 1380 1551 in
1411 1517 1497 1552 dicta
1527 1529 1630 1551 causa
1651 1517 1836 1562 procedens
1866 1517 1905 1551 ad
1935 1520 2068 1551 instan-

223 1581 307 1611 ciam
348 1578 488 1624 predicti
525 1578 685 1613 Johannis
727 1580 918 1625 principalis
960 1582 1040 1613 citra
1083 1584 1334 1625 procuratorum
1371 1590 1504 1612 suorum
1540 1581 1797 1612 reuocacionem
1826 1589 1938 1612 coram
1968 1589 2008 1612 eo
2038 1581 2067 1612 in

224 1638 353 1672 ²Iudicio
383 1642 608 1686 comparentIS
638 1640 801 1685 prefatum
832 1643 1022 1684 magistrum
1052 1639 1234 1673 Henricum
1263 1639 1385 1685 Biscop
1414 1644 1662 1685 procuratorem
1692 1639 1731 1672 ad
1756 1638 1929 1672 dicendum
1953 1643 2067 1672 contra

225 1701 482 1733 commissionim
522 1700 628 1734 eidem
658 1700 789 1734 domino
820 1700 992 1746 Stephano
1021 1700 1172 1734 Auditor-i
1209 1700 1330 1734 factam
1368 1711 1498 1733 necnon
1536 1700 1576 1733 ad
1610 1699 1923 1743 recognoscendum
1961 1699 2067 1743 sigilla

226 1760 312 1793 dicte
349 1760 550 1794 Remissioni
589 1772 739 1807 appensa
775 1772 834 1807 per
869 1766 996 1794 661111111
1032 1761 1154 1795 1101111111
1183 1772 1268 1806 pape
1297 1771 1467 1794 cursorem
1497 1763 1691 1794 successiue
1720 1763 1813 1793 citari
1843 1760 2008 1794 mandauit
2038 1765 2067 1793 et

226 1821 305 1854 fecit
334 1820 374 1853 ad
403 1826 514 1854 certos
543 1824 701 1855 terminos
729 1827 958 1867 competentes
987 1821 1023 1855 In
1054 1821 1170 1866 quibus
1201 1822 1405 1867 Comparens
1434 1825 1465 1854 111
1494 1821 1625 1854 Judicio
1655 1832 1766 1854 coram
1788 1820 1905 1854 eodem
1936 1821 2067 1854 1101111110

227 1881 399 1926 Stephano
428 1882 591 1915 Auditore
618 1881 789 1915 Johannes
827 1883 1016 1928 principalis
1051 1882 1220 1928 predictus
1259 1886 1340 1916 citra
1375 1887 1482 1916 tamen
1519 1886 1770 1927 procuratorum
1800 1892 1934 1915 suorum
1964 1891 2068 1914 reuo-

225 1944 396 1975 cacionein
426 1940 580 1986 Magistri
609 1941 743 1976 Henrici
774 1946 999 1989 procuratoris
1029 1954 1095 1976 non
1116 1946 1338 1988 comparentis
1367 1945 1609 1976 contumaciam
1631 1945 1799 1976 accusauit
1817 1947 1935 1987 petens
1961 1944 2068 1987 ipsum

225 2006 455 2035 contumacem
484 2006 630 2047 reputari
658 2007 690 2036 et
726 2006 758 2036 in
795 2006 866 2037 eius
905 2006 1145 2037 contumaciam
1183 2005 1289 2048 sigilla
1325 2004 1472 2049 predicta
1502 2003 1615 2036 haberi
1644 2014 1704 2048 pro
1733 2005 1917 2046 recognitis
1947 2006 1979 2035 et
2008 2013 2068 2035 re-

226 2065 420 2096 missionem
455 2062 642 2096 huiusmodi
676 2074 735 2108 pro
770 2068 885 2109 aperta
920 2064 1008 2097 Idem
1045 2064 1196 2098 dominus
1227 2064 1416 2110 Stephanus
1445 2063 1588 2097 Auditor
1615 2068 1773 2109 reputans
1802 2063 1963 2108 prefatum
1993 2062 2069 2096 Ma—

226 2125 366 2167 gistrum
394 2122 576 2156 Henricum
619 2128 869 2169 procuratorem
912 2134 976 2169 quo
1018 2124 1058 2157 ad
1102 2128 1212 2158 actum
1256 2123 1440 2158 huiusmodi
1483 2128 1579 2169 prout
1624 2128 1696 2157 erat
1737 2126 1897 2167 exigente
1939 2125 2067 2156 iusticia

227 2187 458 2216 contumacem
487 2186 518 2217 111
548 2187 618 2217 61115
654 2187 898 2218 contumaciam
934 2184 1038 2229 sigilla
1074 2184 1222 2230 predicta
1253 2185 1456 2219 Remissioni
1485 2184 1670 2218 huiusmodi
1702 2195 1849 2229 appensa
1879 2195 1938 2229 pro
1967 2194 2069 2216 reco-

224 2245 326 2287 gnitis
356 2242 466 2277 habuit
493 2248 526 2277 et
554 2244 672 2277 dictam
702 2243 953 2279 Remissionem
982 2256 1041 2290 pro
1071 2250 1184 2290 aperta
1214 2250 1247 2279 et
1275 2245 1314 2278 ad
1335 2247 1439 2290 ipsius
1459 2244 1622 2279 Johannis
1652 2245 1843 2290 principalis
1873 2246 2068 2278 instanciam

227 2303 390 2348 prefatum
427 2303 622 2348 Magistrum
661 2304 829 2338 henricum
870 2304 992 2351 Biscop
1034 2310 1282 2351 procuratorem
1325 2305 1364 2339 ad
1406 2305 1585 2339 videndum
1620 2305 1780 2351 publicari
1818 2306 2069 2338 Attestaciones

228 2365 360 2401 testium
388 2363 624 2409 productorum
662 2364 818 2398 hincinde
856 2368 887 2399 in
923 2365 1135 2400 Remissione
1169 2365 1316 2411 predicta
1344 2376 1404 2411 per
1432 2365 1595 2411 quendam
1624 2365 1746 2399 domini
1775 2376 1861 2411 pape
1890 2364 2068 2399 Cursorem

227 2426 321 2457 citari
349 2423 516 2458 mandauit
545 2429 577 2458 et
603 2424 682 2459 fecit
712 2425 750 2459 ad
785 2428 1041 2472 peremptoriam
1078 2431 1201 2460 certam
1239 2426 1323 2460 diem
1353 2425 1388 2460 In
1418 2436 1481 2471 qua
1510 2436 1709 2472 comparens
1738 2429 1771 2459 in
1799 2425 1930 2459 Judicio
1959 2436 2071 2459 coram

229 2484 348 2517 eodem
377 2484 508 2519 domino
548 2485 718 2532 Stephano
747 2486 909 2520 Auditore
946 2485 1116 2521 Johannes
1150 2487 1341 2533 principalis
1369 2486 1537 2532 predictus
1566 2489 1649 2520 citra
1677 2490 1788 2519 tamen
1818 2490 2070 2531 procuratorum

226 2555 359 2579 suorum
395 2545 665 2580 Reuocacionem
700 2546 838 2593 predicti
875 2546 1027 2592 Magistri
1065 2547 1200 2582 Henrici
1241 2559 1308 2582 non
1349 2549 1572 2592 comparentis
1615 2549 1857 2582 contumaciam
1905 2549 2076 2580 accusauit.
