2206 2735
990 48 1190 103 —131—

172 169 286 198 tcnore
315 163 464 198 habenda
495 167 536 197 sit
565 166 596 196 in
625 165 750 196 nostris
778 162 893 196 litteris
921 164 1045 195 mentio
1076 162 1241 207 specialis.
1300 161 1384 196 Nulli
1416 174 1497 207 ergo
1528 169 1592 197 etc.
1628 168 1742 198 nostre
1771 167 2011 198 reservationis

171 225 370 259 inhibitionis
406 230 440 259 et
477 227 718 258 constitutionis
752 223 933 268 infringere
972 227 1037 256 etc.
1095 223 1214 256 Datum
1245 225 1411 256 Avinione
1440 224 1502 257 XII
1534 224 1699 258 Kalendas
1729 225 1871 270 Augusti
1911 225 2010 258 Auno

202 286 366 320 ndecimo.

172 286 199 321 U
477 337 551 371 (Aus
575 337 629 362 den
660 336 738 370 Orig.
764 337 910 370 Regesten
935 335 1067 362 Clemens
1090 336 1141 362 VI.
1177 336 1209 363 B.
1235 336 1253 369 l,
1286 336 1368 369 epist.
1394 337 1464 368 457,
1495 345 1562 370 pag.
1587 338 1663 369 2323
1694 337 1835 363 vidimirte
1861 338 2007 364 Abschrift

578 389 613 414 in]
640 389 728 416 mithr.
752 386 1010 425 Laudem-chive.)

1040 533 1143 568 170.

168 622 314 657 Johame.
343 623 524 665 episeopus
552 620 792 665 Loziyenensis,
828 619 967 653 erlhez'lt
993 623 1111 664 jeuen,
1150 620 1275 654 welche
1310 621 1363 654 die
1391 620 1522 654 Ise'relee
1556 621 1615 654 des
1648 621 1806 654 Islosters
1835 622 1930 655 Saar
1965 635 2007 656 an

295 681 503 716 bestimmten
537 681 651 726 Tagen
680 680 858 723 besuehen,
888 682 985 714 einen
1015 681 1205 725 40lt'iqiyeu
1236 681 1376 716 Ablass.
1420 681 1479 715 Dt.
1518 682 1574 715 13.
1605 682 1738 727 Aet-qus!
1769 681 1878 715 1352.

328 757 523 811 «lohannes
559 776 610 810 dei
645 780 677 810 et
711 776 894 822 apostolice
928 777 1018 810 sedis
1053 780 1171 821 gratia.
1209 781 1326 810 sancte
1362 776 1594 821 Longenensis
1634 778 1780 811 ecclesie
1816 781 2005 824 episcopus.

165 838 280 883 plenas
310 841 403 871 vices
431 849 553 882 gerens
582 837 784 871 venerabilis
813 840 916 882 patris
945 842 977 871 et
1005 837 1128 871 domini
1158 838 1293 871 Arnesti
1325 837 1503 882 pragensis
1533 837 1787 884 archiepiscopi.
1835 838 2008 873 Vniuersis

165 898 285 932 Christi
313 898 474 932 fidelibus.
506 897 622 943 quibus
652 902 827 943 presentes
856 897 978 931 fuerint
1006 897 1164 931 exhibite.
1202 898 1347 931 Salutem
1378 900 1409 930 in
1440 898 1570 931 domino
1600 898 1779 943 Cupientes
1816 903 1850 931 ut
1884 910 2006 932 mona—

165 962 300 992 sterium
330 962 401 993 siue
429 959 571 992 ecclesia
608 962 638 992 in
676 958 750 992 Sar.
787 958 925 992 Necnon
961 959 1101 1004 capella.
1140 958 1257 991 ibidem
1296 961 1327 991 in
1364 957 1462 991 Porta
1500 961 1611 1003 sepius
1645 958 1885 1004 frequentetur.
1923 964 1955 992 et
1989 971 2006 993 a

164 1020 284 1053 Christi
312 1019 461 1053 fidelibus
490 1021 647 1064 congruis
676 1018 857 1053 honoribus
887 1024 1077 1053 veneretur.
1123 1018 1282 1052 Omnibus
1318 1029 1399 1052 vere
1429 1018 1652 1064 penitentibus
1681 1021 1831 1052 contritis
1860 1024 1892 1052 et
1920 1030 2007 1053 con-

163 1079 274 1123 fessis,
303 1083 368 1126 qui,
398 1080 536 1114 eandem
565 1079 742 1113 ecclesiam
771 1084 804 1113 et
831 1080 993 1126 capellam
1022 1083 1053 1113 in
1083 1079 1314 1113 festiuitatibus
1343 1082 1521 1113 natiuitatis
1558 1078 1700 1122 Christi,
1734 1082 2007 1116 circumcisionis,

163 1140 361 1186 epyphanie.
392 1143 556 1186 passionis
585 1142 855 1174 resurrectionis.
893 1143 1114 1182 ascensionis,
1149 1139 1403 1182 Pentechostes,
1442 1142 1595 1173 trinitatis
1631 1144 1661 1173 et
1695 1143 1845 1185 corporis
1875 1139 2007 1175 Christi,

163 1201 244 1235 Item
271 1204 304 1235 in
332 1201 482 1235 omnibus
511 1201 744 1235 festiuitatibus
780 1200 877 1235 beate
911 1203 1052 1245 virginis
1082 1200 1187 1234 Marie
1215 1200 1294 1234 Item
1323 1204 1355 1234 in
1385 1200 1437 1234 die
1466 1204 1608 1234 omnium
1638 1205 1839 1243 sanctorum,
1869 1200 2007 1235 Necnon

164 1266 195 1295 in
233 1261 465 1295 festiuitatibus
500 1264 644 1296 omnium
680 1262 902 1307 apostolorum
940 1266 972 1295 et
1000 1261 1161 1295 Johannis
1196 1261 1338 1307 baptiste
1367 1289 1373 1295 .
1405 1265 1503 1306 atque
1541 1265 1730 1295 sanctorum
1769 1261 1939 1295 Benedicti
1977 1267 2007 1296 et

163 1321 347 1356 Bernhardi
375 1322 457 1356 Item
485 1324 518 1355 in
546 1321 632 1356 festo
660 1325 788 1368 patroni
817 1326 849 1355 et
877 1322 1094 1356 dedicationis
1123 1322 1208 1356 dicte
1237 1322 1384 1355 ecclesie
1412 1322 1464 1355 uel
1498 1321 1636 1367 capelle.
1675 1332 1777 1355 causa
1814 1322 2007 1356 deuocionis

163 1385 382 1426 accesserint,
413 1382 453 1416 de
482 1385 716 1429 omnipotentis
746 1382 797 1416 dei
835 1382 1075 1425 misericordia,
1115 1387 1147 1417 et
1175 1382 1344 1416 beatorum
1376 1382 1464 1416 Petri
1493 1386 1525 1416 et
1554 1382 1644 1416 Pauli
1673 1383 1894 1428 apostolorum
1921 1394 2008 1417 eon—

163 1443 226 1486 fisi,
256 1443 475 1489 quadraginta
503 1443 572 1477 dies
601 1443 805 1488 indulgentie
834 1443 874 1477 de
903 1446 1057 1477 iniunctis
1086 1443 1148 1477 sibi
1176 1446 1365 1489 penitentiis
1395 1443 1653 1477 misericorditer
1680 1443 1847 1477 indomino
1867 1444 2008 1478 relaxa-

163 1515 248 1546 mus,
282 1503 318 1538 In
353 1507 446 1538 cuius
482 1506 530 1538 rei
567 1506 790 1538 testimonium
826 1508 1001 1550 presentes
1035 1504 1179 1547 litteras,
1222 1504 1292 1537 fieri
1336 1506 1512 1546 iussimus,
1553 1503 1649 1548 sigilli
1690 1507 1794 1537 nostri
1829 1507 2008 1538 munimine

164 1564 323 1607 roborari,
353 1564 470 1598 Datum
506 1576 592 1599 anno
629 1564 751 1599 domini
779 1564 954 1598 Millesimo
989 1567 1225 1598 trecentesimo
1264 1567 1539 1611 quinquagesimo
1567 1564 1715 1598 secundo
1743 1567 1775 1597 in
1802 1564 1890 1599 festo
1918 1564 2007 1599 hea-

163 1630 267 1659 torum
296 1629 475 1672 martyrum
505 1625 624 1672 Ypoliti
651 1629 683 1659 et
710 1628 875 1659 sociorum
905 1627 987 1659 eius.

471 1702 546 1742 (Aus
569 1705 632 1730 dem
658 1704 735 1738 Orig.
759 1705 810 1730 des
834 1702 986 1730 fiirsterzb.
1011 1703 1137 1730 Archive
1160 1703 1189 1728 in
1212 1703 1359 1729 Kremsier
1389 1703 1617 1737 abgeschrieben
1641 1711 1696 1728 von
1721 1702 1756 1730 A.
1780 1702 1903 1739 BoeekJ

1034 1848 1137 1884 171.

166 1936 316 1979 ιΙοΙιιιπη,
345 1935 495 1980 Bisehof
525 1947 590 1969 von
620 1936 761 1970 Olmz't'lz.
798 1935 983 1980 bestatae'yet
1018 1936 1071 1969 die
1101 1936 1312 1981 Erriclztnvq
1341 1938 1435 1970 einer
1463 1935 1608 1980 Isapelle
1641 1935 1697 1969 bei
1722 1936 1795 1970 dem
1822 1935 2005 1979 Friedleose

394 1996 454 2029 dei·
482 1996 535 2030 St.
565 1996 815 2030 Jalcobslcircke
843 1998 877 2029 in
904 1996 1034 2030 Brwm.
1071 1996 1132 2031 Dt.
1162 1997 1311 2030 Modritz
1342 1996 1399 2030 10.
1431 1995 1632 2040 September
1661 1996 1771 2030 1352.

318 2071 407 2125 Nos
435 2089 589 2126 Johanes
619 2090 671 2124 dei
699 2095 730 2125 et
758 2092 940 2137 apostolice
968 2090 1057 2125 sedis
1084 2094 1202 2135 gracia
1229 2091 1418 2137 Episcopus
1447 2090 1680 2125 Olomucensis
1709 2090 1828 2125 Notum
1862 2090 2002 2125 facimus

167 2150 340 2185 Vniuersis
368 2155 577 2198 presencium
607 2152 773 2185 literarum
801 2151 1055 2198 inspectoribus,
1084 2152 1169 2197 quod
1198 2155 1366 2186 constituti
1400 2155 1431 2185 in
1462 2156 1573 2185 nostra
1611 2155 1788 2198 presencia
1825 2152 2002 2197 prudentes

166 2214 229 2245 viri
257 2211 402 2246 Jacobus
431 2213 470 2246 de
499 2212 568 2247 Ror
595 2212 706 2246 Judex
734 2216 767 2245 et
795 2212 919 2246 scabini
950 2211 1046 2258 Opidi
1073 2214 1106 2245 in
1135 2212 1245 2246 Bruna
1279 2212 1441 2258 quandam
1471 2212 1725 2258 disposicionem
1754 2212 2000 2246 ordinacionem

168 2275 239 2306 siue
267 2273 408 2307 ultimam
438 2273 639 2307 uoluntatem
676 2272 762 2306 bone
796 2275 953 2306 memorie
986 2272 1226 2306 Hainczmanni
1261 2272 1300 2305 de
1338 2271 1562 2306 Thusnawicz
1594 2271 1770 2317 presbiteri
1804 2275 1835 2306 in
1871 2276 2002 2318 scriptis

168 2343 366 2378 expressam
394 2337 427 2366 et
454 2333 652 2379 descriptam
680 2332 740 2367 sub
770 2333 887 2377 sigillis
915 2337 1010 2378 prout
1043 2336 1146 2379 prima
1180 2332 1267 2366 facie
1303 2332 1483 2378 apparebat
1521 2333 1668 2366 eiusdem
1704 2332 1934 2366 hainczmanni
1972 2337 2003 2366 et

168 2396 222 2438 pie
257 2393 505 2428 recordacionis
542 2396 692 2438 magistri
723 2392 863 2427 Fridrici
905 2394 981 2427 olim
1015 2396 1173 2439 prepositi
1206 2392 1361 2427 Ecclesie
1400 2392 1638 2426 Cremsirensis
1674 2392 1802 2426 Nicolai
1840 2393 2002 2437 quondam

170 2452 363 2494 Bernhardi,
393 2464 431 2487 ac
460 2452 587 2487 Nicolai
615 2453 690 2487 dicti
727 2452 883 2497 Helbling
917 2452 1042 2487 Ciuium
1080 2453 1154 2486 dicti
1192 2452 1300 2498 Opidi,
1336 2463 1445 2486 coram
1482 2452 1576 2487 nobis
1612 2452 1833 2486 exhibuerunt
1870 2457 1900 2486 et
1937 2454 2002 2497 legi

169 2518 429 2558 procurauerunt
457 2516 580 2547 tenoris
609 2513 788 2559 subscripti
817 2517 969 2559 petentes
998 2517 1160 2548 instanter
1187 2512 1327 2546 eandem
1356 2513 1601 2547 ordinacionem
1639 2516 1711 2547 siue
1744 2513 2002 2558 disposicionem

1802 2583 1859 2608 17÷
