2206 2735
1052 67 1071 98 5

137 183 223 226 stoli,
253 193 349 228 quem
380 182 580 228 disponente
609 180 717 214 diuina
743 180 958 226 providencia
989 183 1020 213 in
1051 181 1250 225 precipuum
1280 182 1429 211 nostrum
1445 178 1683 224 Apostolorum
1712 178 1878 211 dominum
1906 187 1988 223 pre-

137 244 229 278 clare
258 244 441 288 elegimus3
470 253 512 276 ne
543 246 653 275 autem
681 241 854 275 videamur
881 243 912 274 in
942 240 1051 285 aliqua
1082 241 1132 272 sui
1166 242 1261 284 parte
1289 238 1438 283 predicte
1466 237 1620 272 Ecclesie
1648 237 1841 284 parochiali,
1863 237 1985 271 cuiille

136 304 231 338 locus
260 302 463 338 dedicandus
492 313 551 348 prc
581 302 654 345 alijs
684 301 848 345 Ecclesijs
868 298 1117 346 parochialibus
1138 301 1282 333 vicinior
1309 309 1385 333 esse
1405 298 1569 341 videatur,
1599 299 1782 344 aliqualiter
1810 298 1985 343 derogare,

138 375 198 411 pro
228 364 475 398 reformacione
503 365 609 408 ipsius
639 361 793 396 laudabili
822 360 983 404 inclinati,
1011 361 1107 403 juxta
1137 358 1353 393 Venerabilis
1382 362 1413 393 in
1443 357 1577 393 Christo
1615 361 1718 404 patris
1752 358 1884 393 Domini
1919 357 1986 392 Jo-

139 425 258 459 hannis
286 426 435 470 episcopi
466 422 699 457 Olomucensis
728 424 909 468 compatris
937 422 1041 455 nostri
1072 418 1266 454 Charissimi
1303 423 1336 453 et
1363 421 1472 465 amici7
1508 418 1696 453 arbitratani
1732 418 1987 453 arbitracionem

138 490 170 520 et
199 485 366 519 decretam
396 486 714 530 pronunciacionem
744 482 785 516 de
813 481 1010 516 liberalitate
1039 485 1153 515 nostre
1182 481 1439 525 magnificencie
1459 480 1613 514 duximus
1633 480 1882 523 admittendum,
1902 479 1987 526 quod

139 545 318 588 plebanus,
348 547 402 590 qui
432 548 482 578 est
511 544 565 578 vel
594 553 653 590 pro
682 547 832 588 tempore
860 542 960 576 fuerit
988 553 1061 576 cum
1091 540 1237 575 consilio
1266 541 1454 575 Juratorum
1491 539 1641 574 Civitatis
1673 542 1743 584 jam
1778 540 1865 574 dicte
1901 540 1988 573 licite

138 608 267 652 possint
303 609 336 638 et
364 605 499 639 valeant
541 615 654 638 emere
683 603 777 638 simul
818 603 873 637 vel
907 605 1084 638 succesiue
1121 612 1180 648 pro
1214 606 1346 635 centum
1381 603 1503 635 marcis
1538 611 1733 645 grossorum
1770 600 1987 646 pragensium

140 666 353 700 denariorum
381 664 546 698 Morauici
575 663 731 711 ponderis
761 663 948 709 Sexaginta
986 668 1127 708 quatuor
1157 673 1298 707 grossos
1331 672 1390 708 pro
1427 660 1570 706 qualibet
1606 672 1719 695 marca
1754 661 1987 707 computando,

140 726 181 760 de
227 725 344 772 quibus
392 725 521 772 quidem
571 729 704 759 centum
751 727 871 758 marcis
919 726 1078 770 imparata
1125 726 1271 770 pecunia
1316 724 1492 767 sexaginta
1539 733 1669 756 marcas
1719 732 1912 766 grossorum
1959 726 1989 755 et

140 786 298 834 ponderis
326 786 549 832 predictorum
578 784 791 831 presentibus
820 795 1009 830 erogamus,
1046 789 1080 818 ut
1115 795 1174 830 pro
1213 786 1285 829 ipsa
1320 785 1462 830 pecunia
1496 782 1535 817 ad
1573 782 1712 817 eandem
1741 782 1928 816 Ecclesiam
1957 785 1988 816 in

141 858 221 881 usus
250 846 387 881 Plebani
423 851 457 880 et
493 845 706 892 plebanorum
736 844 797 879 sibi
835 845 1083 879 succedentium
1119 846 1376 887 conuertenda,
1410 846 1443 877 in
1477 842 1574 878 honis
1610 842 1765 877 nobilium
1800 841 1990 877 liberalibus

143 908 239 943 simul
268 912 301 942 et
329 907 460 941 divisim
490 917 628 949 census,
658 917 717 940 seu
746 905 891 940 redditus
921 908 1157 952 possessiones
1187 910 1220 939 et
1249 904 1337 939 hona
1365 908 1526 951 perpetua
1556 907 1790 950 comparentur
1816 903 1991 938 heredita-

142 968 228 1003 tibus
267 978 326 1002 seu
363 967 457 1001 bonis
493 965 772 1001 Monasteriorum
810 966 1038 1001 Ecclesiaruin
1073 966 1304 1000 indifferenter
1338 967 1483 999 omnium
1518 964 1688 999 dumtaxat
1725 967 1888 1011 0110011115,
1927 975 1990 1010 que

143 1028 273 1074 quidem
303 1027 389 1063 bona
417 1039 477 1075 pro
508 1027 660 1062 Ecclesia
692 1029 759 1072 jam
789 1027 875 1061 dicta
911 1031 1101 1073 comparata
1136 1026 1241 1061 libera
1275 1037 1353 1061 esse
1390 1026 1543 1060 volumus
1580 1028 1704 1071 pariter
1737 1029 1770 1059 et
1808 1025 1914 1060 soluta
1950 1024 1990 1058 ab

143 1088 297 1124 omnihus
336 1088 455 1123 Bernis
495 1088 689 1134 Regahbus,
718 1088 896 1133 Losungis‚
935 1087 1246 1131 contributionibus,
1281 1086 1533 1130 exaccionibus‚
1575 1085 1712 1131 fatigijS‚
1746 1088 1893 1120 vecturis
1921 1084 1991 1119 Ca-

141 1154 285 1184 strorum
314 1154 347 1183 et
375 1149 631 1197 expedicionum
660 1149 847 1194 Regalium,
877 1153 909 1182 et
936 1147 1161 1183 indifferenter
1191 1147 1232 1182 ab
1261 1146 1411 1182 omnibus
1440 1146 1653 1192 111101οηί1105,
1687 1151 1719 1181 01
1752 1145 1991 1181 venacionibus

145 1209 412 1256 quibuscumque
441 1208 616 1245 vocalibus
645 1209 846 1255 specialibus
874 1214 1031 1255 poterunt
1059 1209 1243 1253 designari,
1273 1219 1337 1253 que
1365 1207 1495 1254 quidem
1525 1207 1610 1242 hona
1639 1217 1762 1242 census
1791 1211 1822 1240 et
1850 1217 1994 1252 posses—

143 1273 258 1305 siones
287 1273 372 1304 tueri
401 1275 434 1304 et
463 1269 642 1305 defensare
670 1270 836 1313 volumus,
864 1269 1007 1303 heredes
1046 1268 1252 1315 proheredes
1290 1273 1323 1302 et
1359 1278 1578 1303 successores
1616 1272 1747 1303 nostros
1777 1266 1992 1302 Mai-chiones

144 1330 298 1365 Moravie
327 1331 367 1364 ad
397 1333 508 1377 ipsum
537 1329 724 1364 faciendum
754 1329 965 1376 presentibus
994 1329 1182 1374 obligantes
1216 1329 1268 1363 hic
1302 1332 1335 1363 in
1364 1332 1474 1373 101115,
1513 1333 1547 1362 01
1575 1340 1619 1363 ex
1646 1329 1851 1363 releuamine
1878 1332 1993 1362 nostro

145 1390 240 1425 huius
269 1391 380 1425 mundi
408 1390 565 1425 Ecclesia
594 1393 666 1436 ipsa
693 1389 843 1436 proficiat
876 1393 909 1424 in
942 1393 1129 1435 augmentis
1165 1389 1335 1433 felicibus,
1375 1394 1407 1424 et
1441 1394 1474 1423 ut
1512 1400 1573 1424 nos
1613 1389 1753 1435 proinde
1785 1392 1933 1434 gratiora
1961 1392 1992 1422 in

145 1451 328 1486 celestibus
348 1454 474 1498 premia
507 1454 666 1497 consequi
694 1451 880 1485 valeamus.
910 1450 1051 1497 Insuper
1080 1451 1237 1485 volumus
1266 1455 1299 1485 et
1326 1453 1472 1497 presenti
1501 1450 1608 1484 edicto
1636 1453 1835 1494 sanccimus,
1866 1454 1899 1484 ut
1913 1448 1993 1483 Ple-

146 1511 264 1556 banus,
295 1514 349 1558 qui
377 1523 465 1546 nunc
495 1516 568 1546 erat
596 1516 651 1546 aut
679 1511 776 1545 fuerit
805 1522 865 1558 pro
894 1516 1056 1558 tempore7
1086 1514 1193 1558 ipsum
1224 1511 1461 1546 Monasterium
1492 1515 1525 1545 01
1552 1510 1671 1546 fratres
1699 1514 1806 1557 ipsum
1834 1513 1866 1544 in
1895 1509 1994 1544 habi—

146 1577 256 1608 tantes
285 1576 422 1607 racione
452 1572 661 1607 fundacionis
695 1583 784 1607 nove
819 1572 1005 1607 huiusmodi
1038 1572 1125 1606 nulla
1170 1575 1365 1607 occassione
1401 1575 1519 1619 previa
1550 1575 1657 1619 possit
1691 1576 1747 1606 aut
1783 1572 1895 1606 valeat
1928 1574 1995 1605 im-

146 1637 262 1679 petere
290 1635 322 1667 in
352 1637 450 1667 antea
482 1631 686 1679 temporibus
716 1635 898 1676 secuturi53
926 1632 990 1667 frui
1016 1637 1125 1667 autem
1155 1637 1186 1666 et
1218 1632 1367 1678 gaudere
1395 1633 1548 1667 volumus
1576 1635 1683 1679 ipsum
1710 1631 1948 1667 Monasterium
1964 1636 1997 1666 et

148 1696 240 1739 ipsos
269 1693 391 1728 fratres
420 1693 471 1727 his
503 1693 651 1736 ι10111105Τ
681 1692 797 1738 quibus
834 1697 864 1727 et
900 1693 962 1727 alia
992 1693 1201 1728 Monasteria
1237 1693 1465 1727 mendicancia
1502 1692 1658 1727 videlicet
1689 1692 1936 1727 Predicatorum
1964 1697 1997 1726 et

151 1752 313 1787 Minorum
352 1753 436 1787 freta
475 1758 553 1788 sunt
588 1753 761 1798 hucusque
790 1755 965 1798 antiquitus
993 1758 1026 1788 et
1054 1757 1151 1800 potiri
1183 1753 1350 1788 debebunt
1377 1758 1538 1800 perpetue
1567 1753 1747 1788 observata
1763 1758 1873 1788 tamen
1892 1753 1997 1787 forma

147 1813 236 1848 Juris
256 1813 373 1847 mediis
401 1825 466 1848 11011
499 1813 705 1849 obstantibus
735 1813 907 1859 aliquibus.
937 1815 974 1849 In
1004 1818 1098 1850 00105
1130 1817 1179 1849 101
1207 1817 1429 1849 testimonium
1459 1819 1492 1848 01
1519 1813 1625 1849 robur
1643 1818 1803 1861 perpetue
1822 1814 1995 1849 valiturum

149 1878 327 1920 presentes
356 1873 455 1907 scribi
480 1875 639 1918 jussimus
668 1873 775 1918 sigillo
803 1879 915 1908 nostre
943 1876 1127 1920 majestatis
1158 1875 1412 1920 magnificencie
1437 1877 1634 1909 munientes.
1663 1874 1783 1909 Datum
1806 1874 1917 1909 Brune
1944 1874 1997 1909 die

149 1933 390 1969 Purificationis
420 1933 572 1978 Virginis
603 1933 755 1968 Gloriose
784 1934 884 1969 Anno
913 1935 1045 1970 Domini
1076 1935 1252 1971 Millesimo
1281 1935 1522 1970 Trecentisimo
1551 1935 1845 1982 Quinquagesimo.

459 2020 551 2055 (Orig.
577 2021 659 2055 Pcrg.
684 2021 768 2055 hang.
795 2021 854 2055 sig.
878 2022 914 2047 im
939 2021 1063 2049 Archive
1087 2023 1181 2049 dieses
1206 2023 1348 2051 Klosters,
1373 2022 1408 2050 A.
1436 2024 1461 2050 1.
1486 2022 1568 2048 Fasc.
1596 2024 1621 2055 1,
1646 2022 1694 2049 Nr.
1721 2022 1762 2061 3.)

1059 2142 1097 2178 8.

307 2224 354 2277 P
357 2243 430 2279 abst
460 2243 616 2279 Clemens
645 2244 702 2279 VI.
731 2250 889 2290 gestattet
917 2246 975 2281 auf
1007 2245 1156 2281 Fiirbitte
1186 2246 1305 2282 Kaiser
1332 2246 1410 2281 Karl
1438 2246 1495 2281 IV.
1531 2246 1606 2281 dem
1635 2246 1724 2281 Abte
1761 2246 1819 2281 des
1849 2246 1996 2281 Slaven-

152 2304 296 2340 klosters
326 2308 359 2339 in
387 2304 474 2350 Prag
504 2305 569 2340 den
599 2304 775 2340 Gehrauch
805 2307 863 2341 der
890 2307 1137 2342 Pontificalien.
1166 2307 1220 2342 Dt.
1249 2307 1416 2342 Auinione
1444 2305 1491 2342 ΙΙΙ
1519 2307 1634 2343 Nonas
1654 2307 1826 2342 Februarii
1854 2307 1995 2342 Pontifi-

150 2369 246 2400 catus
274 2368 381 2400 nostri
410 2376 501 2400 anno
533 2370 664 2410 octauo,
693 2366 723 2401 d.
753 2370 772 2401 i.
804 2368 836 2402 3.
867 2367 1019 2402 Februar
1048 2367 1157 2403 1350.

462 2452 663 2488 (Abgedruekt
686 2454 714 2479 111
738 2455 838 2480 Pelzl's
863 2453 932 2482 Kar]
958 2456 1005 2482 lV.
1033 2456 1183 2483 Urkundb.
1208 2464 1271 2481 zum
1295 2453 1314 2483 I.
1340 2456 1393 2482 Th.
1417 2465 1442 2490 p.
1471 2456 1534 2489 94.)
