2206 2735
1142 62 1189 96 79

394 180 474 216 Hiis
504 192 568 227 que
597 180 636 214 ad
666 180 814 213 caritatis
845 189 947 224 opera
976 175 1168 210 exercenda
1197 179 1250 221 pia
1278 174 1459 208 devotione
1488 173 1631 207 fidelium
1662 172 1873 207 laudabiliter
1897 171 1984 206 facta
2011 176 2100 214 sunt,

243 242 385 277 libenter
422 242 582 277 adicimus
620 240 794 286 apostolici
832 240 1017 272 muniminis
1054 236 1251 270 firmitatem.
1308 233 1464 269 Exhibita
1503 234 1667 279 siquidem
1705 232 1802 267 nobis
1841 236 1956 267 vestra
1983 234 2098 278 petitio

242 303 445 345 continebat,
475 302 561 347 quod
591 300 678 334 Veu.
711 299 829 334 Frater
859 303 971 333 noster
997 297 1170 331 Johannes
1197 295 1387 342 Episcopus
1419 294 1616 328 Olomucen.
1661 292 1857 328 Monasterii
1885 295 1991 327 vestri
2019 291 2101 327 fun-

242 365 348 407 dator,
378 367 410 398 in
439 373 502 409 quo
534 390 539 395 .
574 390 578 394 .
611 360 824 394 Abbatissam
855 364 887 393 et
914 358 1125 392 Conventuin
1151 356 1339 391 reddituras
1360 354 1479 389 ibidem
1509 355 1688 388 Altissimo
1717 353 1909 388 famulatum
1938 357 2102 399 perpetuo

240 425 431 459 collocavit.
469 428 501 456 et
540 421 717 468 temporali
754 424 850 454 etiam
889 421 1130 453 sustentatione
1158 422 1273 452 vestra
1303 427 1417 450 curam
1447 426 1554 461 agens
1583 415 1789 460 diligentem,
1823 417 2039 448 munitionem
2070 417 2103 447 et

244 485 407 532 Oppidum
437 482 613 517 Swabnitz
644 493 707 515 nec
736 492 802 515 non
831 478 993 526 Oppidum
1024 478 1247 524 Schreyneri‚
1278 489 1316 512 ac
1344 476 1465 511 Villam
1486 476 1590 510 Praus
1612 476 1824 510 adiacentem
1844 474 1930 508 Ville
1946 474 2102 517 Pustinir‚

243 549 319 580 item
351 543 547 579 Sclionwelt
576 547 607 577 et
638 542 793 577 Odratiez
824 540 928 574 Villas
965 550 1038 573 cum
1074 538 1225 573 omnibus
1254 537 1426 583 censibus„
1464 535 1661 579 redditibus,
1697 534 1927 582 proventibus,
1957 534 2100 577 indiciis,

242 608 333 651 agris
367 606 464 639 cultis
502 610 533 638 et
572 604 715 637 incultis.
753 602 858 640 silvis,
898 600 1102 643 nemoribus,
1140 602 1239 646 pratis
1275 604 1308 633 et
1336 601 1480 646 pascuis,
1518 596 1772 639 venationibus,
1811 595 2100 642 aucupationibus,

243 669 350 713 aquis„
390 665 586 700 decursibus
621 674 790 710 aquarum.
829 664 978 709 piscinis.
1017 660 1267 708 piscationibus.
1306 659 1515 697 molendinis,
1558 657 1739 700 montibus,
1783 657 1903 703 planis„
1946 655 2096 697 collibus,

242 727 384 762 vallibus
414 731 447 760 et
467 727 539 760 aliis
561 729 628 759 suis
650 727 857 770 pertinentiis
878 726 1060 765 universis,
1091 733 1153 756 nec
1173 733 1238 756 non
1259 721 1384 754 Vineas
1405 723 1436 754 in
1457 722 1575 754 minori
1596 718 1793 766 Nempczitz
1819 728 1892 751 cum
1921 716 2103 751 earundem

243 791 418 823 vinearum
448 799 487 821 ac·
517 788 709 820 munitionis
740 784 944 831 Oppidorum
974 788 1005 817 et
1034 781 1195 817 Villarum
1229 781 1452 828 predictarum
1487 780 1586 826 pleno
1623 782 1695 813 iure
1728 780 1933 825 proprietate
1968 788 2008 811 ac
2038 776 2102 811 do-

244 851 346 883 minio
374 859 435 893 per
464 858 538 881 euin
568 848 717 891 legitime
747 848 907 892 acquisita
937 849 967 878 et
997 844 1035 878 ad
1065 847 1171 890 ipsum
1201 846 1330 877 ratione
1359 852 1505 888 persone
1534 851 1594 875 sue
1625 841 1825 886 spectantia,
1855 837 1951 872 vobis
1972 842 2003 871 et
2023 836 2103 871 Μο-

245 912 392 944 nasterio
428 913 544 942 vestro
580 907 761 942 liberaliter
798 907 935 940 donavit
972 910 1003 939 et
1040 905 1176 939 contulit
1205 914 1265 950 per
1292 914 1354 937 vos
1384 907 1417 936 et
1445 901 1632 948 predictum
1663 899 1905 934 Mouasterium
1934 900 2104 944 perpetuis

246 969 452 1016 temporibus
488 968 627 1015 pacifice
666 968 865 1014 possidenda
902 971 998 1013 prout
1034 970 1065 1000 in
1101 964 1287 1011 patentibus
1324 964 1428 998 literis
1464 961 1542 996 inde
1577 960 1742 995 confectis
1776 958 1914 1006 predicti
1941 958 2103 1004 Episcopi

246 1030 354 1075 sigillo
390 1033 536 1074 munitis,
579 1040 713 1075 quarum
744 1033 894 1062 tenorem
924 1026 1133 1073 presentibus
1161 1028 1264 1059 inseri
1293 1024 1447 1065 fecimus,
1477 1022 1607 1069 plenius
1636 1023 1838 1055 continetur.
1893 1018 1964 1053 Nos
1993 1021 2105 1064 itaque

245 1094 370 1125 vestris
399 1091 542 1136 dictique
572 1089 728 1136 Episcopi
758 1100 819 1123 nec
849 1099 915 1122 non
937 1087 1107 1122 Carissimi
1126 1089 1158 1120 in
1180 1086 1310 1119 Christo
1331 1085 1386 1119 filii
1405 1083 1517 1118 Caroli
1536 1082 1766 1117 Romanorum
1787 1084 1820 1114 et
1840 1079 1978 1113 Boemie
1998 1078 2104 1123 Regis

246 1151 388 1185 Illustris
407 1155 440 1185 in
461 1151 523 1185 hac
544 1155 637 1196 parte
658 1149 953 1196 supplicationibus
972 1148 1117 1182 inclinati
1138 1147 1223 1193 quod
1243 1157 1346 1192 super
1374 1145 1553 1179 collatione
1582 1148 1614 1177 et
1643 1142 1821 1176 donatione
1849 1139 2036 1174 huiusmodi
2065 1138 2106 1173 ab

247 1212 364 1246 eodem
394 1211 548 1245 Johanne
577 1210 746 1256 Episcopo
776 1213 829 1256 pie
858 1221 896 1243 ac
925 1208 1065 1255 provide
1093 1207 1214 1242 factum
1243 1211 1307 1241 est.
1337 1210 1441 1240 ratum
1472 1209 1505 1239 et
1532 1207 1663 1249 gratum
1693 1201 1855 1236 habentes
1892 1200 1923 1234 id
1953 1202 2107 1234 auctori-

247 1277 313 1307 tate
350 1273 534 1319 apostolica
572 1283 616 1305 ex
652 1278 742 1305 certa
782 1273 919 1304 scientia
958 1268 1192 1304 confirmamus
1229 1273 1261 1302 et
1290 1269 1454 1314 presentis
1489 1268 1605 1311 scripti
1634 1265 1820 1310 patrocinio
1849 1263 2106 1295 communimus.

249 1334 362 1368 Tenor
390 1338 498 1368 autem
529 1333 689 1366 dictarum
721 1332 888 1365 literarum
918 1330 990 1364 talis
1019 1334 1079 1364 est.
1109 1329 1145 1363 In
1174 1332 1308 1363 nomine
1337 1328 1470 1362 Domini
1499 1327 1623 1360 Amen.
1653 1323 1825 1358 Johannes
1854 1322 1916 1356 Dei
1945 1326 1978 1355 et
2006 1322 2107 1367 Apo-

248 1395 367 1429 stolice
397 1394 494 1428 Sedis
523 1397 629 1438 gratia
661 1392 849 1439 Episcopus
881 1391 1077 1425 Olomucen.
1107 1389 1301 1424 Venerabili
1332 1416 1337 1422 .
1371 1416 1377 1423 .
1416 1386 1598 1422 Abbatisse
1628 1389 1662 1419 et
1690 1383 1876 1418 Conventui
1906 1381 2104 1416 Sanctimo-

249 1456 381 1489 nialium
411 1454 607 1489 Mouasterii
638 1454 676 1488 ad
707 1454 887 1488 Insanciam
919 1452 1040 1486 Christi
1068 1456 1100 1486 in
1128 1452 1272 1486 Pustinir
1301 1450 1434 1484 Ordinis
1472 1449 1578 1481 sancti
1609 1445 1783 1480 Benedicti
1819 1454 1954 1478 suarum
1983 1442 2110 1476 funda-

249 1518 347 1550 tionis
378 1520 409 1549 et
439 1516 583 1549 diocesis
615 1518 644 1548 iu
676 1520 883 1561 perpetuum.
932 1512 1091 1554 Quamvis
1118 1515 1286 1546 universis
1316 1510 1496 1555 Regularis
1525 1510 1594 1541 vite
1625 1503 1873 1552 professoribus
1902 1502 1943 1538 ad
1971 1506 2108 1549 impen-

250 1576 357 1610 denda
396 1579 541 1610 caritatis
580 1586 681 1622 opera
721 1587 765 1609 ex
802 1578 948 1608 iniuncte
982 1573 1077 1608 nobis
1111 1573 1267 1607 divinitus
1303 1571 1563 1617 dispensationis
1595 1569 1781 1601 ministerio
1810 1575 1872 1599 nos
1900 1563 2108 1609 generaliter

250 1640 434 1671 sentiamus
465 1637 643 1671 obnoxios.
675 1637 864 1682 specialiter
892 1640 1001 1668 tamen
1022 1634 1060 1668 ad
1082 1638 1231 1668 sacratas
1252 1633 1323 1666 Deo
1354 1634 1504 1676 virgines
1525 1629 1699 1663 dexteram
1724 1637 1786 1660 nos
1807 1625 1905 1659 decet
1923 1623 2110 1658 extendere

250 1697 474 1732 munificentie
509 1701 642 1744 pietatis
682 1708 744 1742 que
780 1700 811 1730 iu
851 1708 935 1730 sexu
973 1696 1133 1740 fragiliori
1167 1696 1379 1740 asperitatem
1412 1694 1480 1725 vite
1510 1690 1653 1724 subeunt
1682 1689 1833 1729 auctoris,
1872 1689 1905 1720 et
1934 1684 1974 1719 ab
2003 1685 2110 1718 seculi

252 1758 348 1792 huius
377 1762 441 1792 iam
470 1763 680 1804 sequestrate
710 1756 892 1791 turbinibus
923 1759 993 1791 eius
1022 1756 1266 1790 oblectamenta
1301 1754 1487 1798 despiciunt
1521 1751 1582 1785 soli
1613 1748 1743 1783 Christo
1777 1746 1933 1781 inherere
1963 1749 2111 1779 conten-

251 1819 341 1854 dunt.
373 1822 424 1852 cui
454 1830 491 1852 se
520 1823 599 1852 voto
628 1818 753 1852 celebri
782 1818 1041 1864 desponderunt,
1071 1817 1116 1851 nil
1144 1816 1184 1850 de
1212 1815 1311 1850 rebus
1339 1814 1551 1855 transitoriis,
1583 1810 1627 1844 nil
1656 1809 1697 1843 de
1727 1808 1809 1842 aulis
1838 1807 1968 1851 Regum
1997 1810 2111 1840 terre-

251 1879 384 1923 stribus,
416 1880 526 1925 nilque
556 1880 596 1912 de
626 1883 694 1913 vite
723 1879 819 1912 huius
849 1877 1110 1912 solicitudinibus
1139 1877 1347 1911 meditantes.
1396 1874 1522 1907 Talium
1554 1880 1698 1915 namque
1732 1871 1858 1903 meritis
1888 1867 1927 1901 ad
1956 1868 2049 1913 pacis
2079 1870 2112 1900 et

252 1941 492 1974 consolationis
523 1945 639 1974 eterne
668 1951 841 1986 speramus
869 1939 1012 1973 Domino
1043 1940 1207 1983 largiente
1234 1939 1428 1983 pertingere
1456 1936 1634 1974 visionem,
1665 1930 1739 1964 dum
1776 1932 1825 1964 eis
1860 1926 2111 1974 obsequendum

253 2001 394 2035 Domino
424 2005 590 2047 presentis
620 2004 710 2047 pacis
741 2006 772 2034 et
802 2001 1046 2046 tranquillitatis
1075 2010 1115 2033 ac
1143 2000 1358 2033 necessitatis
1388 1995 1581 2041 temporalis
1611 1997 1723 2039 aptam
1752 1995 1785 2024 et
1813 1988 1987 2036 pacificam
2024 1998 2112 2022 con-

253 2065 418 2096 stituimus
447 2065 667 2095 mansionem.
699 2061 788 2095 Saue
818 2072 891 2095 cum
922 2061 1040 2095 dudum
1070 2063 1253 2106 inspirante
1281 2058 1377 2092 nobis
1407 2068 1459 2099 ρο,
1490 2057 1543 2101 qui
1573 2053 1648 2088 fons
1686 2056 1737 2086 est
1770 2050 1931 2085 bonorum
1967 2051 2112 2083 omnium

254 2127 287 2156 et
315 2126 423 2167 origo,
454 2122 694 2157 Monasterium
724 2127 871 2156 vestrum
901 2124 1123 2156 erexerimus.
1152 2120 1416 2155 fundaverimus.
1447 2121 1478 2151 et
1506 2115 1808 2150 construxerinius„
1838 2122 1878 2145 ac
1906 2121 1970 2144 vos
2005 2113 2037 2144 in
2071 2119 2112 2143 eo

254 2188 407 2229 tanquam
437 2184 590 2217 novellas
620 2184 748 2229 plantas
778 2186 809 2216 in
838 2186 963 2217 recenti
1002 2182 1159 2216 viridario
1197 2192 1261 2227 que
1294 2183 1452 2214 virtutum
1487 2181 1519 2211 et
1555 2176 1744 2210 devotionis
1779 2170 1936 2218 operibus
1971 2170 2112 2204 fructum

253 2243 430 2278 delicatum
461 2244 599 2278 afferant
630 2247 768 2277 amatori
797 2246 995 2288 virginitatis
1026 2248 1057 2277 et
1091 2244 1323 2277 conservatori
1360 2240 1521 2274 castitatis
1559 2239 1736 2282 acceptum
1769 2233 1964 2267 duxerimus
2003 2230 2115 2264 collo-

255 2305 392 2340 candas.
423 2304 463 2338 de
492 2305 663 2351 temporali
692 2308 790 2338 etiam
821 2309 934 2338 vestra
955 2307 1198 2338 sustentatione
1217 2313 1331 2336 curam
1351 2304 1493 2345 agentes
1514 2301 1652 2345 paterna
1679 2293 1888 2330 solicitudine
1908 2291 2113 2336 diligentem,

256 2369 471 2399 munitionem
508 2370 541 2399 et
576 2365 738 2412 Oppidum
775 2364 948 2399 Swabnitz
987 2376 1050 2399 nec
1093 2375 1159 2398 non
1195 2362 1358 2409 Oppidum
1395 2359 1604 2406 Schreyneri
1650 2355 1736 2402 [sic]
1780 2364 1819 2387 ac
1855 2352 1974 2386 Villam
2010 2350 2115 2385 Praus

257 2426 464 2460 adiacentem
496 2425 581 2460 Ville
610 2426 764 2461 Pustinir.
795 2426 876 2460 Item
906 2425 1104 2460 Schonwelt
1133 2430 1166 2459 et
1193 2424 1349 2459 Odratiez
1379 2421 1484 2455 Villas
1521 2429 1595 2453 cum
1635 2415 1789 2451 omnihus
1821 2412 1991 2455 censibus,
2031 2411 2116 2446 red-

258 2486 391 2529 ditibus,
421 2486 653 2533 proventibus.
684 2487 825 2521 iudiciis.
856 2490 946 2531 agris
975 2487 1072 2520 cultis
1099 2491 1133 2520 et
1160 2485 1302 2520 incultis.
1332 2484 1439 2521 silvis,
1469 2478 1674 2520 nemoribus,
1711 2478 1829 2523 pratis,
1864 2476 2011 2520 pascuis,
2047 2482 2117 2507 ve-

256 2547 456 2582 nationibus.
491 2548 780 2594 aucupationibus.
827 2551 930 2593 aquis.
974 2545 1171 2582 decursibus
1215 2555 1384 2591 aquarum.
1430 2543 1580 2588 piscinis,
1616 2535 1869 2584 piseationibus.
1904 2532 2116 2575 molendinis,
