2206 2735
1111 78 1183 113 239

222 195 286 228 viri
315 191 567 226 Jessuthborius
597 195 628 224 et
658 190 816 225 Martinus
845 190 965 224 fratres
1002 189 1042 224 de
1071 189 1331 232 Drahanowtcz,
1369 188 1491 222 Sworo
1521 188 1561 222 de
1596 188 1769 235 Zyrotlstn,
1810 188 1993 223 Benessius
2032 189 2073 223 de

221 253 403 288 Wiczkaw
431 257 464 287 et
492 252 676 286 Benessius
706 251 746 284 de
776 250 991 284 Schonwald.
1022 250 1141 285 Datum
1171 249 1332 284 Olomucz
1363 249 1459 284 1355
1491 249 1543 283 die
1572 248 1646 283 XII.
1678 252 1804 284 mensis
1831 249 1992 284 Januarii.

531 327 607 368 (Aus
634 330 697 355 dem
723 330 819 355 Codex
842 329 879 356 Il.
904 329 936 356 F.
963 329 1000 354 73
1026 329 1076 355 des
1101 328 1174 355 Olm.
1198 328 1451 362 Kapitelarehives
1476 328 1619 362 excerpirt
1642 337 1699 355 von
1723 328 1792 357 Ant.
1818 325 1940 366 Boeek.)

1095 473 1205 509 296.

763 552 923 586 Breimzer
952 551 1145 586 Landreclzt
1175 551 1233 585 18.
1262 551 1393 586 Jdmzer·
1423 551 1532 588 1355.

378 613 496 666 Auno
526 631 647 666 domini
677 629 830 665 MOCCCO
859 633 1132 676 quinquagesimo
1161 633 1273 676 quinto
1308 630 1470 665 dominica
1506 630 1559 664 die
1593 636 1669 676 post
1704 635 1843 666 octauas
1882 632 2071 679 epyphanie

222 693 344 727 domini
374 696 524 738 proxima
555 692 694 726 durante
723 691 885 735 colloquio
914 691 1064 736 generali
1092 693 1125 724 in
1144 690 1293 725 Brwnna
1314 690 1434 725 Coram
1453 691 1618 727 nobilibus
1639 694 1719 726 viris
1741 692 1883 727 dominis
1900 692 2071 728 Jeschone

221 753 263 787 de
311 752 544 800 Boschowycz
592 752 795 795 Camerario,
827 751 1035 785 Tlieodorico
1078 751 1197 797 Spram
1239 751 1375 785 zudario
1417 752 1554 797 aliisque
1597 752 1743 799 pluribus
1791 752 1966 797 fidedignis
2010 754 2073 788 hec

220 813 309 848 facta
339 818 424 848 sunt.

531 873 675 909 (Briinner
698 874 855 900 Landtafel
887 872 951 902 Lib.
977 874 1029 900 III.
1054 874 1104 900 Nr.
1130 870 1193 912 63.)

1099 1019 1207 1056 297.

224 1099 351 1133 Mirum
381 1099 581 1133 Kanonicns
610 1110 674 1133 von
707 1098 850 1141 Olmitsstz,
886 1098 982 1142 lfaust
1015 1101 1116 1132 unter-
1143 1097 1354 1132 bestimmten
1382 1098 1630 1144 Redinyurzqen
1658 1101 1713 1133 ein
1740 1099 1839 1133 Hans
1867 1111 1932 1134 von
1961 1100 2076 1134 Renes

740 1160 780 1193 de
808 1159 961 1193 Isi-avar.
997 1159 1058 1193 Dc.
1091 1159 1221 1193 Olmatz
1250 1158 1285 1193 6.
1314 1159 1413 1193 Marz
1444 1159 1555 1194 1355.

380 1219 474 1283 Ego
503 1237 672 1272 Mirzanns
702 1240 885 1271 canonicus
915 1237 1159 1272 Olomucensis.
1189 1238 1322 1272 Tenore
1349 1241 1561 1284 presencium
1590 1249 1804 1283 recognosco
1833 1241 2001 1274 vniuersis
2021 1251 2074 1273 me

225 1300 347 1331 emisse
376 1299 417 1332 (le
445 1301 591 1333 vnanimi
622 1310 790 1333 consensu
820 1299 952 1345 capituli
980 1299 1124 1333 ecclesie
1153 1297 1386 1333 olomucensis
1415 1298 1545 1333 domum
1571 1297 1611 1333 ab
1631 1298 1815 1334 honorabili
1838 1302 1910 1333 viro
1939 1299 2073 1334 domino

226 1358 391 1393 Benessio
428 1359 469 1393 de
507 1359 646 1393 Crawar
689 1359 882 1404 Prage11sis‚
925 1358 1159 1393 Olomucensis
1201 1364 1232 1393 et
1274 1359 1536 1394 Boleslauiensis
1575 1360 1792 1394 ecclesiarum
1822 1363 1984 1394 canonico
2014 1360 2074 1395 sub

226 1430 329 1453 onere
359 1420 475 1454 eodem
505 1425 600 1466 prout
629 1424 660 1454 in
692 1420 794 1455 literis
822 1420 1018 1466 subscriptis
1047 1432 1107 1467 per
1135 1420 1299 1454 dominum
1329 1420 1584 1466 woyczechium
1615 1419 1655 1453 de
1684 1421 1894 1455 ottoslawicz
1925 1420 2073 1455 eiusdem

226 1480 372 1514 ecclesie
403 1480 638 1516 Olomucensis
669 1484 865 1515 canonicum
896 1481 989 1523 datis,
1032 1484 1087 1526 qui
1120 1484 1224 1527 primo
1263 1485 1295 1514 et
1327 1481 1554 1526 principaliter
1581 1481 1722 1515 eandem
1750 1481 1880 1515 domum
1911 1485 2074 1525 onerauit3

226 1542 354 1586 plenius
383 1544 579 1584 continetur,
630 1553 765 1588 quarum
804 1544 900 1576 tenor
937 1544 1084 1588 sequitur
1110 1545 1144 1576 in
1171 1541 1234 1575 hec
1261 1541 1384 1576 verba:
1430 1541 1501 1576 Nos
1531 1541 1642 1575 diuina
1671 1541 1886 1588 prouidencia
1915 1542 2074 1576 Albertus

227 1601 375 1635 decanus
406 1629 412 1635 .
445 1629 451 1636 .
483 1629 489 1635 .
521 1601 639 1636 Datum
670 1602 828 1636 olomuez
857 1613 943 1636 anno
977 1602 1098 1636 domini
1126 1601 1261 1636 MGCCO
1290 1602 1575 1648 Quinquagesimo
1604 1605 1707 1636 tercio
1736 1603 1788 1637 die
1816 1606 1921 1649 prima
1950 1606 2074 1637 mensis

227 1661 403 1707 Aprilisss).
427 1689 433 1695 .
454 1661 528 1706 Ego
558 1665 657 1706 igitur
679 1662 861 1709 Myrzanus
891 1665 1135 1708 suprascriptus
1163 1666 1318 1709 promitto
1346 1674 1419 1697 mea
1447 1663 1533 1697 bona
1554 1662 1618 1697 fide
1647 1663 1772 1710 absque
1802 1663 1877 1697 dolo
1906 1669 1939 1698 et
1958 1664 2074 1698 fraude

227 1725 337 1756 omnia
368 1725 592 1769 suprascripta
622 1728 691 1757 rata
722 1728 753 1757 et
780 1728 875 1768 grata
904 1728 1020 1757 tenere
1048 1735 1088 1757 ac
1114 1723 1320 1768 integraliter
1348 1724 1487 1769 explere
1515 1728 1548 1757 et
1575 1723 1636 1758 sub
1664 1735 1750 1770 pena
1779 1729 1900 1759 statuta
1928 1725 2075 1759 inuiola—

227 1781 337 1816 biliter
365 1782 556 1817 obseruare.
594 1783 632 1818 In
661 1786 755 1818 cuius
791 1787 841 1818 rei
877 1786 1097 1818 testimonium
1135 1785 1242 1829 sigilla
1269 1784 1426 1819 videlicet
1455 1787 1563 1820 minus
1592 1785 1726 1831 capituli
1756 1786 1901 1820 ecclesie
1932 1786 2074 1820 Olomu-

227 1846 340 1877 censis
370 1848 403 1877 et
432 1855 539 1878 meum
569 1844 779 1890 presentibus
807 1849 883 1879 sunt
910 1855 1070 1891 appensa.
1113 1845 1232 1879 Datum
1261 1844 1424 1880 Olomucii
1453 1845 1554 1880 Anno
1583 1845 1705 1880 domini
1740 1846 1914 1881 millesimo
1943 1846 2079 1881 CCC⁰L⁰

229 1906 341 1948 quinto
370 1909 467 1938 sexta
495 1905 547 1938 die
578 1909 702 1940 mensis
732 1905 859 1940 Marcii.

539 1982 615 2020 (Ans
640 1984 704 2009 dem
729 1984 797 2011 Cod.
823 1984 979 2012 membran.
1004 1985 1054 2011 des
1079 1983 1151 2012 Olm.
1175 1984 1427 2019 Kapitelarchives
1451 1983 1473 2013 I.
1499 1985 1563 2014 Fol.
1590 1983 1654 2025 61.)

1104 2130 1210 2166 zos.

1000 2207 1035 2242 5.
1065 2208 1169 2252 April
1196 2208 1306 2242 1355.

389 2266 547 2319 Carolus
577 2291 715 2330 quartus
744 2286 969 2321 Romanorum
998 2289 1178 2332 imperator
1204 2286 1439 2335 considerans,
1467 2288 1555 2334 quod
1584 2289 1749 2323 nonnullae
1769 2292 1933 2333 civitates,
1965 2292 2077 2323 muni-

230 2346 350 2387 tiones,
381 2350 501 2385 castra„
531 2351 639 2390 terrae⁷
680 2347 845 2381 districtus
888 2351 919 2381 et
960 2349 1124 2380 territoria
1153 2346 1306 2381 Bavariae
1346 2358 1453 2393 regno
1491 2349 1637 2384 Boemiae
1673 2349 1861 2384 immediate
1897 2349 2077 2393 confluant9

232 2415 305 2450 quae
337 2410 433 2451 „post
462 2409 607 2452 rapinas,
649 2408 766 2453 spolia,
809 2412 942 2452 strages
972 2412 1004 2441 et
1031 2407 1209 2442 seditiones
1237 2410 1405 2444 inumeras
1435 2414 1468 2443 et
1496 2410 1684 2456 periculosa
1714 2410 1915 2455 discrimina,
1959 2411 2077 2456 quibus

231 2464 373 2509 singulis
402 2466 585 2501 viatoribus
624 2470 782 2503 transitus
818 2467 1002 2512 vetabatur,
1048 2479 1136 2502 nunc
1176 2468 1296 2503 divinae
1325 2472 1576 2516 propiciationis
1614 2482 1753 2505 munere
1788 2471 1894 2517 Regis
1931 2471 2078 2507 Boeiniae

438 2568 468 2609 ἃ)
491 2572 556 2598 Vid,
582 2572 632 2600 Nr.
661 2573 721 2598 204
746 2573 838 2599 dieses
862 2573 986 2600 Bandes.
