2206 2735
1060 23 1127 57 134

172 143 331 183 cognatas
362 142 505 173 nostras.
537 140 684 170 vivi-mas
714 146 861 169 sorores.
893 135 974 169 litias
1001 138 1132 177 rog-uati
1154 136 1256 168 nostri
1278 132 1399 171 dilecti,
1429 132 1635 167 Marsclionis
1657 132 1766 166 Militis
1791 132 1865 166 dicti
1887 133 2014 178 Spyna.

173 199 324 232 uidelicet
355 196 536 230 Elisabeth.
569 196 776 230 Adilbeidem
807 200 836 229 et
866 195 1069 231 liatbrinmn,
1100 207 1140 228 eo
1171 198 1239 228 inre
1270 198 1300 227 et
1331 193 1439 234 inodo,
1469 193 1584 238 quibus
1613 193 1651 227 ad
1682 204 1742 226 nos
1771 195 2012 238 pertinuerunt,

171 259 310 292 debeant
346 257 449 290 libere
487 257 640 291 deriuari.
682 269 739 302 per
774 268 832 290 ens
871 259 1066 290 successum
1103 260 1135 288 et
1168 266 1280 290 earum
1315 253 1492 298 quamlibet
1524 253 1740 300 percipiendo
1775 256 1952 297 exintegro
1981 258 2014 287 et

171 318 331 353 babendo.
369 317 414 351 lta
450 322 483 351 ut
519 321 548 351 in
584 317 763 351 earundem
800 317 935 350 duarum
971 328 1154 350 marearum
1190 315 1390 349 obtencione
1419 318 1452 349 et
1480 317 1697 361 possessione
1731 318 1805 359 post
1833 325 1894 347 nos
1924 316 2013 359 prior

169 383 206 411 <it
242 382 310 424 ipsa
348 377 538 414 Elisabeth,
576 382 627 411 cui
666 377 851 412 succedere
888 378 1038 410 xolumus
1073 375 1280 410 Adilbeidem
1316 379 1346 408 et
1383 379 1457 421 post
1491 374 1575 408 hane
1613 374 1769 419 subsequi
1808 373 2011 407 Katbrinani.

168 438 260 479 Quod
290 442 315 472 si
347 438 430 472 sorte
459 443 528 484 ipsa
558 438 736 472 Katberina
767 438 961 482 religionem
992 449 1055 471 non
1086 439 1268 474 intrauerit,
1298 435 1450 469 volumus
1480 439 1513 468 vt
1542 438 1572 468 in
1602 438 1822 469 assecucione
1852 434 2011 468 dictarum

168 499 302 532 duarum
341 510 525 532 murt-urum
556 499 662 532 lorum
693 498 838 531 eiusdem
871 497 1048 533 lx'atlieriue
1085 498 1145 530 alia
1175 501 1318 541 cognata
1348 500 1473 537 nostra,
1504 495 1695 539 Katberina,
1724 496 1885 542 quondam
1915 494 2011 528 Mai·-

167 559 280 603 quardi
317 559 511 592 t‘zwikmns
547 559 586 592 de
622 558 786 592 Montibus
816 557 965 592 l'liuttnis
999 558 1074 592 lilia.
1114 560 1143 591 in
1179 562 1293 591 nostro
1322 560 1383 590 inm
1415 556 1538 589 Ordine
1568 560 1600 589 et
1627 556 1831 590 ll'lonasterio
1861 558 2011 589 existens

167 619 285 652 debeat
315 619 559 653 racionabiliter
588 618 749 652 obtinere.
782 617 884 652 Nobis
915 629 998 652 vero
1028 622 1060 651 et
1089 617 1249 651 iamdictis
1279 620 1431 662 cognatis
1461 619 1583 651 nostris
1617 616 1656 650 de
1685 616 1746 650 lioc
1775 616 1896 650 mumlo
1926 615 2009 650 sub-

167 680 237 712 latis
272 684 463 724 prenotatas
494 679 583 712 Duas
620 690 750 712 mareas
786 678 826 712 ad
855 678 1069 712 Abbatissam
1100 682 1130 710 et
1160 677 1364 711 Conuentum
1400 678 1476 711 dieti
1506 679 1694 710 monasterii
1723 680 1838 719 nostri,
1867 679 1921 722 qui
1950 687 2010 722 pro

166 744 313 785 tempore
353 739 472 773 suerint
508 745 538 774 et
573 739 612 773 ad
649 743 753 785 ipsum
785 738 1019 773 Monasterium
1057 739 1256 772 hereditario
1293 741 1362 772 iure
1391 738 1578 772 onmimodc
1607 742 1640 771 et
1668 737 1770 771 libere
1800 737 1949 771 volumus
1978 742 2009 771 et

164 800 374 834 decernimus
411 805 571 845 perpetuo
602 803 777 845 pertinere.
836 800 1015 846 Cupientes
1045 803 1143 844 igitur
1172 810 1212 832 ne
1242 802 1456 845 imposterum
1486 801 1713 843 cuiuscunque
1743 798 1927 843 calumpnie
1955 798 2008 831 vel

165 861 375 905 malignitatis
412 864 655 894 interueniente
684 861 868 906 dispendio,
909 860 990 897 Nos.
1021 863 1047 894 si
1078 860 1232 894 fortassis
1261 859 1301 893 ab
1330 860 1441 894 oflicio
1470 859 1621 894 Abbacie
1650 859 1769 905 deponi
1798 870 1857 893 seu
1887 858 2008 892 cedere

163 932 222 953 nos
252 924 431 965 contingat.
465 925 517 954 aut
546 926 708 965 cognatas
740 926 870 955 nostras
901 923 1147 967 prenominatus
1178 923 1207 954 in
1239 924 1461 966 per‹·epcione
1482 924 1735 954 memoratarmn
1757 919 1891 952 duarum
1914 930 2006 952 mar—

162 992 273 1015 carum
311 981 455 1014 fraudari
490 984 657 1027 possimus
692 993 750 1015 seu
787 981 1033 1026 quomodolibet
1067 981 1232 1027 impediri,
1276 986 1451 1027 presentes
1489 981 1603 1015 literas
1639 981 1708 1014 lieri
1744 984 1775 1013 et
1811 984 1925 1013 nostro
1967 991 2006 1012 ac

166 1042 352 1075 Reum-endi
396 1045 427 1075 in
463 1040 594 1075 Christo
628 1045 729 1088 patris
764 1047 795 1075 et
830 1041 962 1085 domini,
997 1041 1117 1075 domini
1151 1041 1313 1076 Jobannis
1348 1041 1550 1076 venerabilis
1580 1041 1719 1075 Abbatis
1749 1040 1784 1074 In
1815 1040 1946 1074 Sedlicz
1975 1045 2006 1074 et

166 1102 400 1136 Pati-isabbatis
429 1106 547 1137 nostri.
578 1114 617 1136 ac
647 1107 752 1137 eciam
784 1102 975 1136 Connontus
1003 1101 1197 1136 Monasterii
1227 1105 1332 1136 nostri
1363 1102 1561 1149 Supradicti,
1598 1113 1735 1147 quorum
1772 1104 1801 1134 in
1836 1103 2007 1147 premissis

163 1167 355 1205 auctoritas,
385 1174 574 1197 consensus
604 1168 635 1196 et
656 1163 749 1198 fauor
769 1168 997 1207 accesserunt,
1028 1164 1151 1208 Sigillis
1172 1166 1426 1209 procurauimus
1445 1166 1650 1197 communiri.
1679 1162 1720 1197 Et
1741 1162 1809 1196 Nos
1829 1161 2006 1197 Joliannes

165 1224 279 1258 Abbas
309 1228 340 1257 et
369 1223 560 1258 Conuentus
591 1224 707 1270 prefati
737 1227 965 1258 auctoritatem
998 1229 1183 1270 paternam,
1220 1235 1421 1259 consensum
1451 1229 1483 1258 et
1512 1224 1659 1258 fauorem
1690 1228 1822 1257 nostros
1851 1223 1889 1257 ad
1920 1234 2005 1269 pre-

163 1287 262 1318 missa
300 1285 441 1330 pleniter
478 1287 669 1318 accessisse
707 1289 995 1329 recognoscentes
1031 1284 1147 1318 eadem
1184 1285 1410 1319 confirmando
1444 1290 1476 1319 et
1509 1284 1726 1319 rutiliabendo
1755 1284 1862 1328 sigilla
1892 1288 2004 1318 nostra

163 1345 370 1391 presentibus
399 1356 440 1378 ex
471 1349 560 1378 certa
591 1348 736 1379 sciencia
765 1345 918 1379 duximus
947 1345 1174 1392 appendenda.
1207 1345 1326 1379 Datum
1357 1345 1437 1379 l'eria
1457 1346 1581 1386 Quarta
1612 1348 1760 1391 proxima
1789 1349 1864 1379 ante
1884 1344 2004 1379 festum

163 1406 247 1439 beati
278 1405 471 1439 Wenceslai
515 1407 610 1439 ,hino
640 1405 769 1439 Domini
800 1404 974 1439 Millesimo
1003 1405 1255 1440 Trecentesimo
1285 1406 1568 1452 Quinquagesimo
1599 1405 1764 1440 Secundo.

470 1493 565 1527 (Orig.
591 1493 674 1525 Per-g.
700 1494 716 1518 3
744 1494 828 1527 hang.
852 1494 912 1527 Sig.
944 1493 981 1519 im
1006 1494 1129 1520 Archive
1160 1493 1315 1520 desselben
1340 1494 1481 1520 Klosters,
1514 1493 1572 1520 Lit.
1600 1494 1637 1527 M,
1663 1493 1711 1520 Nr.
1741 1494 1774 1518 19
1806 1493 1841 1518 im
1872 1494 2004 1519 hamtes-

573 1545 712 1579 archive.)

1035 1692 1137 1726 173.

218 1778 290 1812 Das
322 1778 493 1812 Olmz‘ltz-er
523 1778 664 1822 Rapite!
690 1778 873 1823 bestcilz'qet
902 1780 975 1812 (lem
1008 1779 1232 1819 Tleeodorz'elc„
1262 1780 1382 1824 Neffeiz
1411 1780 1469 1813 des
1497 1780 1699 1813 Kanom'lsus
1730 1780 1869 1823 Orth'n,
1899 1779 1953 1813 die

363 1839 567 1883 Scleenlfzmq
595 1840 654 1872 cles
685 1840 862 1873 Gembhtes
891 1841 924 1873 in
952 1840 1161 1874 Krenowz'tz.
1200 1841 1258 1875 Dt.
1293 1841 1423 1875 Olmiltz
1454 1841 1486 1874 1.
1519 1840 1669 1874 Olclober
1699 1840 1807 1874 1352.

325 1914 519 1968 Johannes
554 1938 753 1981 prepositus.
789 1934 905 1969 Witko
933 1935 1187 1971 archidiaconus
1215 1941 1383 1982 totumque
1412 1938 1585 1983 capitulum
1618 1936 1766 1971 Olomuc.
1802 1941 1912 1970 notum
1946 1936 2001 1969 sa—

165 1999 279 2037 mnius„
309 1996 393 2040 quod
423 1995 572 2029 dominus
601 1996 772 2029 Ortwinus
802 1999 1051 2030 concanonicus
1081 2001 1196 2031 noster
1224 2002 1255 2031 et
1283 1997 1453 2032 confrater
1482 2010 1520 2031 ac
1541 1998 1689 2032 decanus
1719 1997 1863 2031 ecclesie
1880 1996 1999 2030 Crem-

165 2059 303 2090 sirensis
332 2055 426 2089 nobis
455 2059 486 2089 in
515 2056 567 2089 die
595 2055 681 2090 beati
710 2056 852 2100 Remigii
881 2059 912 2090 in
942 2056 1014 2090 loco
1043 2062 1217 2091 consweto
1247 2060 1278 2092 in
1299 2058 1440 2104 capitulo
1460 2061 1676 2103 congregatis
1695 2059 1819 2092 literam
1841 2057 2000 2099 exhibuit,

166 2118 260 2160 cujus
294 2121 389 2150 tenor
426 2117 498 2150 talis
534 2121 585 2149 est
619 2144 624 2149 .
658 2144 664 2149 .
697 2144 703 2149 .
741 2116 834 2161 (vid.
865 2115 957 2149 Band
987 2116 1044 2150 VI.
1074 2129 1105 2163 p.
1138 2118 1222 2154 319.
1251 2117 1308 2152 Nr.
1342 2118 1431 2161 165)
1461 2118 1542 2160 Quia
1572 2119 1721 2153 dominus
1751 2117 1922 2152 Ortwinus
1953 2146 1959 2151 .
1992 2146 1998 2151 .

167 2180 236 2222 ipse
270 2177 421 2211 iudicium
456 2176 638 2222 predictum
670 2204 675 2210 .
707 2206 712 2212 .
751 2187 768 2210 a
804 2176 889 2210 dicto
917 2176 1084 2223 Haynlino
1118 2178 1236 2212 ibidem
1266 2182 1296 2212 in
1328 2178 1526 2214 Crenowicz
1554 2181 1728 2213 reemisset
1757 2206 1764 2212 .
1797 2206 1802 2212 .
1833 2184 1865 2212 et
1894 2181 1999 2225 ipsum

166 2237 373 2271 Theoderico
403 2240 513 2283 nepoti
543 2248 602 2270 suo
632 2242 664 2270 et
692 2236 869 2271 heredibus
898 2237 1044 2271 eiusdem
1075 2241 1105 2271 in
1136 2243 1326 2284 perpetuum
1357 2239 1589 2284 possidendum
1619 2239 1776 2273 donasset
1807 2266 1842 2273 ..
1873 2250 1933 2273 nos
1961 2267 1967 2272 .
1992 2267 1997 2271 .

168 2298 346 2344 predictam
381 2298 592 2331 donationem
623 2324 629 2330 .
660 2325 668 2333 .
698 2297 931 2331 confirmamus
969 2302 1000 2331 et
1031 2298 1187 2342 judicium
1227 2300 1387 2344 prefatum
1421 2302 1484 2345 ipsi
1518 2299 1727 2333 Tlieodorico
1758 2327 1764 2332 .
1796 2328 1801 2334 .
1842 2300 1999 2334 tradimus

169 2359 413 2405 possidendum.
443 2358 563 2392 Datum
591 2360 623 2391 in
644 2356 802 2391 Olomucz
831 2361 863 2391 in
891 2358 942 2391 die
962 2357 1048 2392 beati
1068 2358 1209 2403 Remigii
1230 2362 1261 2392 in
1282 2360 1424 2405 capitulo
1443 2360 1605 2405 generali.
1627 2360 1727 2393 Anno
1747 2360 1866 2393 domini
1890 2359 1998 2393 1352.

474 2449 546 2484 (Aus
574 2449 636 2474 dem
669 2448 796 2483 Original
826 2449 862 2475 im
892 2449 1039 2476 Olmtitzei-
1068 2450 1304 2484 Kapitelarchive
1333 2466 1373 2471 —
1398 2450 1467 2477 Cod.
1493 2451 1529 2478 Π.
1559 2451 1577 2478 f.
1605 2452 1631 2476 9,
1663 2466 1700 2471 -—
1732 2460 1912 2486 ausgezogen
1945 2460 1999 2478 von

578 2501 611 2526 Α.
639 2500 760 2531 Ηυξ-ΒΚ.)
