2206 2735
1107 68 1176 101 215

222 183 352 217 modum
382 186 412 217 in
441 182 570 216 Judicio
606 192 718 215 corani
755 181 870 214 codem
908 181 1039 214 domino
1069 180 1240 225 Stephano
1275 180 1437 214 Auditore
1466 192 1526 226 per
1553 180 1747 225 Magistrum
1779 180 1953 214 henricum
1986 191 2071 225 pro-

220 249 411 277 curatorem
462 242 643 289 predictum
690 241 855 276 nonnullis
902 242 1005 275 literis
1052 243 1227 274 autenticis
1269 252 1308 274 ac
1343 240 1575 275 Instrumentis
1610 241 1749 287 publicis
1784 241 1874 275 Idem
1911 240 2061 274 dominus

226 304 418 350 Stephanus
455 303 598 337 Auditor
639 302 803 348 prefatum
831 301 1019 336 Johannem
1064 302 1280 346 principalem
1328 301 1367 335 ad
1415 301 1589 335 dicendum
1626 302 1777 348 quicquid
1816 302 1930 335 dicere
1967 301 2071 334 vellet

226 369 341 398 contra
370 365 483 398 literas
513 368 544 397 et
573 362 796 397 Instrumenta
827 362 974 408 predicta
1001 372 1062 408 per
1098 362 1261 406 quendam
1297 362 1419 395 domini
1453 373 1539 408 pape
1569 362 1747 395 Cursorem
1779 365 1873 396 citari
1903 361 2068 395 mandauit

224 431 257 459 ct
286 425 363 459 fecit
391 424 430 458 ad
459 428 586 457 certum
615 425 875 469 peremptorium
904 425 1077 456 terminum
1107 426 1351 468 competentem
1380 421 1416 456 In
1446 432 1510 467 quo
1531 432 1731 467 comparens
1752 425 1783 455 in
1804 421 1935 455 Judicio
1956 432 2068 455 coram

223 485 341 519 eodem
371 485 502 519 domino
532 484 703 530 Stephano
732 484 895 518 Auditore
922 483 1094 517 Johannes
1123 483 1315 529 principalis
1343 481 1510 528 predictus
1540 484 1623 515 citra
1652 486 1905 527 procuratorum
1936 492 2069 515 suorum

224 548 480 580 reuocacionem
511 544 630 590 prefati
658 543 808 589 Magistri
836 543 973 577 Henrici
1009 545 1236 589 procuratoris
1271 553 1337 576 non
1367 545 1596 589 comparentis
1628 545 1869 576 contumaciam
1900 544 2072 576 accusauit

223 612 255 640 et
284 610 314 640 in
344 609 414 639 eius
444 608 685 639 contumaciam
715 609 831 638 contra
860 605 973 638 literas
1003 608 1036 638 et
1064 603 1287 638 Instrumenta
1318 604 1429 638 ultimo
1464 603 1625 649 producta
1655 602 1814 648 quasdam
1845 605 2071 649 excepciones

225 677 285 713 pro
313 671 408 712 parte
445 677 503 700 sua
542 665 704 699 exhibere
738 667 867 698 curauit
910 669 941 698 et
984 664 1227 710 subsequenter
1269 664 1351 698 datis
1394 664 1433 698 ad
1463 667 1691 710 excepciones
1724 668 1816 710 ipsas
1845 675 1906 710 per
1934 664 2068 697 fratrem

223 726 380 761 Mathiam
411 730 662 772 procuratorem
701 725 916 771 principalem
952 727 1035 758 citra
1065 724 1241 759 Substituti
1278 728 1326 758 sui
1356 725 1627 758 Reuocacionein
1657 725 1824 759 nonnullis
1853 724 2072 769 Replicacio-

224 786 320 821 nibus
351 790 381 820 in
411 789 542 832 scriptis
579 789 610 819 in
649 789 788 819 termino
824 785 862 818 ad
900 784 963 818 hoc
997 787 1169 829 assignato
1206 790 1237 818 et
1272 785 1414 831 quodam
1452 789 1683 831 procuratorio
1712 796 1773 831 per
1800 787 1907 830 ipsum
1937 784 2071 817 fratrem

223 846 381 881 Mathiam
411 858 521 881 coram
551 846 668 880 eodem
705 846 836 880 domino
875 845 1049 891 Stephano
1077 845 1241 880 Auditore
1283 846 1324 879 de
1360 857 1448 880 nouo
1490 846 1649 891 producto
1679 845 1771 879 Idem
1799 845 1904 878 frater
1931 843 2071 877 Mathias

225 911 343 952 vigore
372 907 558 941 huiusmodi
588 909 808 953 procuratorii
838 906 877 940 ad
906 910 1015 940 omnia
1046 918 1109 952 que
1138 919 1156 940 a
1185 907 1324 940 dominis
1354 910 1422 941 suis
1453 906 1595 940 habebat
1624 909 1655 939 in
1686 906 1846 940 mandatis
1875 905 2071 949 Magistrum

226 968 441 1001 lVilhelmum
479 967 571 1001 Paris
609 970 639 1001 in
677 966 804 1013 prefata
848 965 946 1000 Curia
993 972 1244 1012 procuratorem
1292 968 1366 1001 loco
1412 971 1462 1001 sui
1497 966 1663 1001 substituit
1699 966 1908 1000 transferens
1936 968 1968 998 in
1999 975 2071 998 euni

225 1029 370 1062 totaliter
399 1031 491 1062 vices
520 1039 598 1062 51135
627 1028 734 1061 donec
764 1038 825 1061 eas
855 1027 895 1060 ad
924 1038 961 1061 se
996 1027 1134 1061 duceret
1163 1028 1382 1062 reuocandas.
1440 1028 1614 1062 Postremo
1653 1039 1735 1061 vero
1773 1027 1904 1073 prefato
1939 1026 2072 1059 domino

227 1088 399 1135 Stephano
428 1088 592 1123 Auditore
621 1091 706 1123 sicut
736 1088 799 1122 deo
828 1088 950 1134 placuit
987 1087 1027 1121 ab
1067 1088 1129 1122 hac
1165 1089 1239 1122 luce
1275 1088 1446 1123 subtracto
1476 1088 1565 1122 Idem
1595 1088 1746 1121 dominus
1776 1092 1892 1121 noster
1921 1086 2072 1120 dominus

225 1149 448 1183 Innocencius
477 1160 563 1195 papa
592 1149 639 1183 Vl
667 1149 707 1183 ad
737 1149 1020 1195 supplicacionem
1049 1149 1167 1195 prefati
1197 1149 1360 1183 Johannis
1390 1148 1519 1183 Alberti
1548 1148 1742 1195 principalis
1771 1159 1907 1181 causam
1932 1146 2073 1181 eandem

229 1221 294 1256 que
323 1213 408 1244 inter
436 1213 541 1256 ipsum
570 1210 754 1244 Johannem
785 1221 829 1243 ex
858 1222 923 1244 vna
954 1215 1047 1255 parte
1084 1215 1115 1244 et
1145 1210 1251 1244 dictos
1282 1209 1445 1244 Abbatem
1475 1215 1507 1243 et
1537 1210 1743 1243 Conuentum
1773 1209 1911 1255 predicti
1950 1206 2073 1241 Mona-

228 1271 321 1305 sterii
352 1282 454 1316 super
482 1271 632 1317 predicta
661 1271 804 1305 ecclesia
834 1270 1016 1317 parochiali
1044 1274 1076 1304 in
1105 1271 1324 1305 Thossawicz
1353 1276 1384 1305 et
1413 1275 1484 1305 cius
1504 1273 1733 1316 occupacione
1763 1272 2072 1302 616013111031153111

233 1334 366 1375 negocii
394 1332 587 1377 principalis
618 1330 808 1365 vertebatur
837 1342 881 1365 ex
910 1331 1013 1365 altera
1048 1331 1152 1365 Nobis
1190 1331 1340 1366 Guielmo
1370 1332 1411 1365 de
1440 1331 1577 1365 Cunello
1607 1331 1715 1376 legum
1746 1330 1871 1363 doctori
1902 1329 2073 1363 Canonico

232 1391 446 1426 Narbonensi
475 1392 552 1425 dicti
583 1392 704 1426 domini
735 1403 819 1438 pape
849 1391 1029 1437 Gapellano
1058 1396 1196 1439 eiusque
1235 1396 1321 1427 sacri
1359 1393 1477 1439 palacii
1507 1402 1682 1425 causarum
1711 1390 1864 1424 Auditori
1894 1400 2075 1423 resumen-

230 1452 304 1485 dam
342 1455 373 1486 in
412 1463 452 1486 eo
487 1457 574 1486 statu
612 1456 643 1486 111
679 1464 742 1498 quo
780 1464 891 1486 coram
921 1452 1037 1486 eodem
1067 1453 1199 1487 domino
1228 1454 1398 1500 Stephano
1429 1453 1591 1487 Auditore
1620 1458 1769 1498 tempore
1799 1451 1906 1485 obitus
1936 1453 1986 1484 sui
2015 1461 2075 1483 re-

232 1517 401 1546 manserat
429 1524 468 1546 30
496 1513 692 1547 audiendam
723 1518 755 1546 et
784 1512 848 1547 fine
869 1512 979 1547 debito
996 1514 1236 1548 terminandam
1257 1516 1422 1548 commisit
1443 1525 1517 1547 cum
1539 1512 1788 1557 emergentibus
1811 1511 2075 1557 dependentibus

234 1577 265 1606 et
294 1576 470 1608 connexis.
501 1573 573 1615 Qua
602 1573 732 1620 quidem
763 1576 1000 1607 commissione
1029 1577 1077 1608 sic
1106 1579 1141 1608 ut
1168 1577 1365 1620 premittitur
1393 1574 1488 1607 nobis
1517 1573 1681 1619 publicata
1713 1572 1782 1606 Nos
1812 1572 1852 1605 ad
1879 1574 2075 1605 instanciam

230 1633 349 1678 prefati
376 1634 537 1669 Johannis
566 1635 757 1680 principalis
787 1638 868 1668 citra
897 1640 1148 1680 procuratorum
1177 1646 1310 1669 suorum
1338 1638 1595 1669 reuocacionem
1624 1639 1760 1680 propter
1788 1645 1826 1667 ea
1848 1643 1961 1666 coram
1982 1631 2077 1665 nobis

229 1697 262 1727 in
300 1694 431 1729 Judicio
467 1699 691 1742 comparentis
732 1695 928 1740 Magistrum
964 1695 1177 1730 wilhelmum
1213 1696 1307 1730 Paris
1349 1701 1599 1741 procuratorem
1637 1694 1778 1729 Abbatis
1818 1698 1849 1727 et
1878 1692 2072 1726 Conuentus

233 1754 459 1800 predictorum
496 1761 591 1802 prout
628 1756 669 1790 de
705 1760 776 1790 61115
814 1756 968 1789 mandato
1011 1758 1043 1790 in
1085 1760 1169 1790 actis
1206 1768 1307 1791 cause
1337 1756 1520 1790 huiusmodi
1549 1757 1646 1802 plene
1675 1760 1803 1789 constat
1831 1754 1871 1788 ad
1901 1753 2079 1787 dicendum

235 1816 390 1861 quicquid
426 1817 537 1851 dicere
572 1817 675 1851 vellet
712 1821 829 1850 contra
863 1819 1133 1851 commissionem
1182 1817 1320 1851 eandem
1368 1828 1427 1863 per
1473 1820 1596 1849 certum
1635 1815 1756 1849 domiui
1786 1826 1870 1861 pape
1901 1814 2078 1848 Cursorem

234 1879 330 1910 citari
359 1878 588 1911 mandauimus
617 1882 649 1911 et
679 1877 818 1911 fecimus
849 1877 886 1910 ad
919 1882 1045 1911 certam
1074 1878 1171 1912 diem.
1201 1878 1239 1912 In
1268 1889 1330 1923 qua
1360 1876 1627 1923 comparentibus
1646 1879 1679 1910 in
1699 1876 1829 1910 ι111111010
1851 1886 1961 1909 coram
1983 1874 2078 1908 nobis

235 1936 390 1971 Johanne
436 1938 609 1984 principali
656 1941 738 1972 citra
784 1940 1041 1972 reuocacionem
1088 1944 1337 1984 procuratorum
1385 1950 1516 1973 suorum
1555 1949 1598 1971 ex
1635 1949 1699 1971 vna
1733 1941 1829 1983 parte
1857 1941 1889 1970 et
1918 1935 2080 1980 MagIstro

237 1996 417 2032 Wilhelino
448 1998 543 2032 Paris
572 2002 791 2044 procuratore
825 1998 981 2044 predictis
1017 2010 1061 2033 ex
1099 2000 1201 2033 altera
1230 2004 1262 2033 et
1290 2010 1348 2045 per
1378 1999 1498 2033 dictum
1528 1998 1724 2043 Magistrum
1752 1997 1969 2031 Wilhelmuni
1998 2007 2083 2042 pro-

238 2063 428 2092 curatorem
457 2064 574 2093 contra
613 2062 879 2093 commissionem
914 2060 1094 2106 predictam
1131 2060 1227 2094 nobis
1264 2060 1383 2094 factam
1420 2059 1613 2105 quibusdam
1651 2057 1915 2104 excepcionibus
1953 2057 2081 2090 verba-

244 2118 327 2152 libus
357 2121 388 2152 in
425 2119 512 2152 dicta
548 2130 650 2153 causa
687 2119 771 2153 datis
800 2119 869 2153 Nos
905 2120 1113 2166 postmodum
1140 2123 1285 2154 instante
1314 2121 1400 2154 dicto
1429 2119 1582 2153 Johanne
1611 2119 1782 2166 principali
1812 2118 1974 2164 prefatum
2005 2116 2082 2150 Ma-

240 2181 378 2224 gistrum
407 2178 623 2213 Wilhalmum
653 2179 747 2214 Paris
785 2180 823 2213 ad
863 2181 1097 2214 resumendum
1131 2186 1163 2214 et
1199 2184 1322 2215 resumi
1350 2180 1528 2214 videndum
1556 2191 1690 2214 causam
1720 2179 1907 2214 huiusmodi
1936 2181 1967 2211 in
1998 2181 2082 2211 statu

240 2242 274 2273 in
302 2250 366 2284 quo
396 2250 509 2273 coram
538 2240 666 2286 prefato
696 2240 828 2274 domino
858 2240 1029 2287 Stephano
1058 2241 1220 2275 Auditore
1248 2242 1359 2275 ultimo
1385 2245 1593 2275 remanserat
1613 2251 1673 2286 per
1702 2245 1826 2274 certum
1857 2239 1979 2272 domini
1999 2248 2084 2283 pape

242 2299 422 2333 Cursorem
460 2302 554 2334 citari
591 2300 820 2334 mandauimus
857 2305 888 2334 et
922 2300 1060 2335 fecimus
1103 2301 1142 2335 ad
1179 2307 1304 2335 certum
1339 2304 1595 2347 peremptorium
1624 2304 1799 2335 terminum
1828 2302 2083 2345 competentem.

243 2360 279 2394 In
310 2372 374 2406 quo
403 2361 679 2407 Comparentibus
709 2365 739 2395 in
769 2361 900 2396 Judicio
928 2373 1039 2396 coram
1068 2361 1164 2396 nobis
1186 2362 1339 2396 Johanne
1358 2363 1532 2408 principali
1561 2366 1641 2396 01113
1670 2366 1921 2408 procuratorum
1952 2369 2086 2393 suorum

245 2420 518 2456 Reuocacionem
548 2426 580 2456 61
608 2422 772 2467 Magistro
801 2422 982 2457 Wilhelmo
1012 2423 1102 2457 Paris
1130 2428 1346 2469 procuratore
1375 2423 1530 2469 predictis
1559 2428 1591 2457 et
1620 2434 1753 2457 causam
1784 2420 1970 2456 huiusmodi
2000 2430 2091 2453 con-

245 2481 392 2516 corditer
418 2482 667 2517 resumentibus
696 2482 765 2517 Nos
794 2494 861 2516 vna
889 2494 962 2516 cum
991 2486 1074 2530 ipsis
1104 2494 1239 2517 causam
1268 2486 1372 2529 ipsam
1403 2483 1649 2518 resumentibus
1685 2487 1716 2516 et
1743 2485 1868 2516 resumi
1896 2479 2087 2527 petentibus

242 2545 276 2575 in
305 2546 392 2577 statu
421 2545 452 2577 in
481 2554 545 2588 quo
575 2548 724 2590 tempore
754 2543 862 2577 obitus
891 2543 969 2578 dicti
1005 2544 1126 2578 domini
1156 2544 1319 2591 Stephani
1347 2544 1520 2578 Auditosis
1551 2548 1758 2578 remanserat
1785 2545 2025 2588 resumpsimus
2055 2545 2093 2574 et
