2206 2735
214 313 361 349 Joliann,
398 313 586 358 Mal-Ityraf
610 325 673 347 von
709 313 865 355 Mcz'lzren,
901 313 1040 346 ertlcee'll
1067 317 1185 357 jenen,
1222 313 1348 346 welche
1384 313 1458 346 sicle
1490 314 1524 346 in
1552 313 1613 346 der
1645 314 1749 347 durch
1778 315 1831 348 die
1861 315 1943 349 Pese
1971 320 2053 349 eut-

216 374 387 408 ro'lliterteu
424 374 528 408 Staclt
560 374 678 407 Bre'mn
716 374 948 407 m‘ederlassen
983 374 1119 415 wellen,
1158 373 1426 416 Stemmfleilzeit
1464 374 1530 417 auf
1559 375 1633 406 'tier
1667 374 1787 408 Jalzre.
1840 376 1898 409 Dt.
1936 375 2052 409 Brt'lnu

937 433 971 467 6.
1001 434 1190 468 Dezember
1225 433 1335 467 1351.

368 510 456 563 Ros
483 529 654 564 Joliannes
684 530 736 564 dei
764 532 878 574 gracia
907 528 1057 562 Mai-ebio
1088 527 1236 562 Morauie
1265 528 1384 562 Notum
1414 528 1555 562 facimus
1584 531 1752 562 vniuersis
1787 529 1880 569 Quod
1911 530 1986 563 licet
2015 531 2052 564 ad

216 591 444 635 prosequenda
475 618 482 624 .
505 618 512 624 .
534 617 543 625 .
566 618 573 624 .
604 595 681 624 vota
711 590 852 624 fidelium
882 589 1088 623 liberalitatis
1117 594 1229 622 nostre
1258 589 1374 622 dextra
1404 588 1542 635 quadam
1571 589 1684 633 regula
1714 593 1745 622 et
1774 594 1844 622 arte
1864 592 1911 623 510
1942 590 2054 624 habilis

214 650 275 684 illis
303 661 452 684 annuere
480 662 649 695 generose
676 653 857 696 porrigitur
885 649 1025 694 quadam
1054 650 1261 694 specialitate
1289 649 1433 691 liberior,
1472 660 1554 694 quos
1583 649 1623 682 ad
1653 649 1810 694 obsequia
1846 654 1938 694 grata
1969 662 2054 684 con—

215 713 322 745 tinuos
350 710 541 745 fructuosos
570 716 602 745 et
628 712 725 745 utiles
755 711 853 744 claris
882 721 1015 756 semper
1042 710 1172 743 indiciis
1201 712 1396 755 exprimitur
1426 710 1515 743 lnter
1542 714 1653 743 cetera
1682 721 1764 755 ergo
1799 721 1862 755 que
1891 711 2055 744 sollicitu-

214 771 297 805 dinis
325 776 440 805 nostre
469 784 547 806 cura
577 772 785 817 amplectitur
813 771 1023 805 meditacioni
1052 775 1167 803 nostre
1196 774 1339 804 occurrit
1368 773 1534 805 continue.
1564 771 1704 816 qualiter
1731 770 1884 803 condicio
1910 770 2055 804 Ciuitatis

216 837 329 866 nostre
358 833 494 867 Brvnne
523 844 586 878 que
615 832 778 866 hactenus
807 843 867 878 per
894 832 1121 878 pestilenciam
1143 835 1175 864 et
1195 831 1425 865 mortalitatem
1447 831 1611 864 hominum
1633 830 1868 865 miserabiliter
1887 831 2055 865 deuastata

215 897 245 926 et
275 893 407 926 deserta
439 892 499 926 fuit
532 897 563 926 et
598 892 705 926 adhuc
739 892 943 926 desolacioni
982 891 1129 925 subiecta
1159 894 1316 933 cernitur,
1352 896 1463 925 nostra
1494 891 1658 924 mediante
1687 891 1907 925 sollicitudine
1936 892 2056 925 melio—

215 958 315 987 retur.
371 953 411 986 Et
444 956 515 999 ipsa
554 953 676 987 Ciuitas
704 956 736 986 in
767 956 938 999 pristinum
976 957 1093 986 statum
1131 952 1331 986 reformetur
1359 952 1487 986 Matura
1525 954 1624 996 igitur
1660 951 1904 985 deliberacione
1933 952 2054 997 pluries

215 1013 383 1059 preliabita
419 1014 459 1047 de
494 1014 632 1047 consilio
666 1013 810 1047 fidelium
849 1017 1035 1047 nostrorum
1073 1016 1231 1059 precipue
1268 1018 1302 1046 ut
1339 1024 1399 1059 per
1427 1012 1635 1046 affluenciam
1666 1016 1696 1045 et
1727 1012 1961 1058 Copiositatem
1991 1011 2057 1045 110-

215 1076 336 1107 minum
366 1080 397 1109 et
425 1075 606 1108 incolarum
636 1075 720 1108 dicta
751 1074 874 1108 Ciuitas
903 1078 1107 1119 cooperante
1136 1073 1294 1107 altissimo
1324 1073 1483 1107 bonorum
1513 1073 1771 1117 diuiciarumque
1790 1074 1950 1118 recipiant
1971 1083 2058 1106 con-

215 1137 338 1168 tinuum
367 1138 619 1173 incrementum,
650 1134 809 1169 Omnibus
838 1134 975 1178 singulis
1005 1138 1037 1167 et
1065 1136 1234 1167 vniuersis
1262 1136 1489 1179 cuiuscunque
1527 1136 1631 1167 status
1661 1136 1715 1165 aut
1743 1132 1947 1165 condicionis
1978 1136 2057 1166 exi-

216 1199 302 1228 stant
337 1199 371 1228 et
406 1195 627 1241 vndecunque
663 1206 722 1229 seu
761 1206 805 1228 ex
840 1194 1090 1240 quibuscunque
1127 1195 1211 1228 locis
1244 1197 1346 1228 nostri
1375 1193 1531 1227 videlicet
1558 1191 1803 1226 Marchionatus
1832 1204 1890 1226 seu
1920 1193 2054 1226 aliarum

216 1261 379 1290 terrarum
415 1267 452 1289 se
490 1267 563 1289 cum
593 1255 693 1289 rebus
722 1258 790 1289 suis
820 1255 858 1289 ad
887 1255 1048 1301 prefatam
1078 1254 1251 1288 Ciuitatem
1282 1258 1313 1288 in
1344 1254 1459 1288 eadem
1490 1254 1529 1287 de
1558 1258 1672 1287 cetero
1702 1256 1907 1299 permansuri
1942 1258 2056 1287 trans-

216 1318 346 1351 tulerint
380 1322 412 1350 et
447 1319 673 1362 pervenerint„
713 1317 840 1362 plenam
879 1321 911 1350 et
939 1316 1160 1349 omnimodam
1188 1315 1371 1349 libertatem
1406 1314 1445 1348 ab
1474 1317 1607 1348 instanti
1637 1313 1723 1347 festo
1757 1313 1843 1347 beati
1875 1313 1986 1347 Georii
2017 1315 2055 1347 ad

216 1381 391 1411 continuos
429 1382 568 1424 quatuor
604 1388 709 1411 annos
749 1377 863 1411 damus
893 1376 1095 1411 conferimus
1124 1380 1156 1409 et
1184 1376 1344 1409 donamus
1374 1386 1537 1421 expresse
1567 1375 1718 1408 volentes
1753 1379 1787 1408 ut
1814 1374 1899 1408 idem
1928 1374 2056 1408 aduene

216 1439 256 1472 ab
285 1439 435 1473 omnibus
465 1438 702 1472 exaccionibus
731 1437 926 1471 dacionibus
955 1436 1258 1471 contribucionibus
1289 1436 1416 1470 Steuris
1444 1441 1477 1470 et
1504 1434 1692 1479 Lonsungis
1730 1439 1792 1468 tam
1831 1434 1925 1468 nohis
1959 1445 2055 1479 quam

216 1500 303 1533 dicte
332 1499 463 1533 Ciuitati
500 1499 671 1533 solvendis
706 1499 844 1533 durante
878 1498 965 1532 dicte
1000 1497 1160 1531 libertatis
1189 1501 1339 1542 tempore
1372 1496 1465 1530 liberi
1495 1499 1560 1530 sint
1588 1499 1620 1529 et
1648 1495 1787 1529 absoluti
1817 1494 2055 1529 Nichilominus

217 1565 324 1594 tamen
353 1559 452 1594 Ciues
482 1565 514 1594 et
543 1559 669 1594 Ciuium
698 1562 910 1601 vniam-sitas,
940 1562 993 1604 qui
1022 1558 1194 1604 hucusque
1222 1560 1254 1590 in
1285 1557 1425 1591 Ciuitate
1453 1560 1646 1590 manserunt
1674 1560 1708 1589 et
1735 1566 1823 1589 1111110
1851 1559 1938 1597 suut,
1981 1558 2056 1588 sin—

215 1621 302 1665 gulis
337 1625 433 1655 annis
470 1632 602 1667 semper
638 1624 671 1654 in
708 1621 796 1655 festo
832 1620 918 1654 beati
947 1619 1060 1654 Georii
1089 1618 1183 1653 nobis
1213 1623 1244 1652 et
1272 1617 1412 1651 Camere
1441 1621 1554 1651 nostre
1583 1616 1720 1650 durante
1748 1615 1875 1661 prefata
1906 1615 2055 1649 libertate

217 1682 375 1715 duntaxat
403 1681 587 1715 Trecentas
616 1691 747 1715 marcas
775 1691 940 1714 censuare
968 1684 1000 1713 et
1028 1679 1160 1713 soluere
1190 1678 1366 1712 debebunt.
1396 1678 1473 1712 Post
1499 1677 1647 1724 elapsum
1674 1687 1755 1710 uero
1783 1680 1922 1721 quatuor
1945 1686 2053 1709 anno-

216 1753 286 1776 rum
323 1741 483 1776 dictorum
518 1741 679 1776 libertatis
717 1740 845 1787 prefate
875 1740 1061 1786 Supradicti
1089 1740 1233 1774 Aduene
1269 1751 1343 1773 cum
1379 1743 1562 1772 memorata
1599 1737 1737 1771 Ciuitate
1774 1735 1986 1770 contribuere
2022 1740 2055 1769 et

217 1805 281 1848 pati
319 1802 482 1836 debebunt
520 1802 604 1848 quod
640 1805 757 1835 iustum
794 1806 826 1834 et
863 1800 1047 1846 expediens
1082 1799 1180 1833 fuerit
1217 1800 1257 1833 ad
1286 1804 1391 1834 instar
1419 1800 1556 1833 aliorum
1584 1798 1768 1832 Incolarum
1797 1797 1945 1831 Ciuitatis
1974 1808 2055 1842 sepe

217 1866 395 1897 nominate.
431 1862 626 1896 Mandantes
663 1862 800 1896 firmiter
834 1866 866 1895 et
900 1861 1046 1895 districte
1082 1859 1189 1894 Judici
1224 1865 1255 1894 et
1287 1862 1407 1904 juratis
1437 1860 1584 1894 Ciuitatis
1620 1858 1749 1904 prefate
1777 1862 1808 1891 et
1836 1857 1908 1891 aliis
1938 1856 2054 1901 quibus

215 1927 389 1969 presentes
427 1922 625 1956 exhibentur
660 1921 811 1956 fidelibus
845 1924 968 1956 nostris
1003 1921 1144 1963 dilectis,
1182 1925 1216 1954 ut
1250 1932 1349 1966 supra
1384 1923 1538 1965 scriptam
1576 1918 1736 1952 libertatis
1764 1922 1878 1952 nostre
1906 1919 2053 1961 graciam

217 1996 276 2030 per
303 1995 364 2018 nos
394 1989 427 2018 111
455 1983 620 2030 prefertur
647 1983 734 2016 dicte
763 1982 892 2017 Ciuitati
920 1981 1040 2016 factam
1068 1993 1128 2027 per
1156 1982 1334 2015 ecclesiam
1364 1985 1395 2014 et
1422 1980 1494 2014 fora
1522 1979 1687 2024 publicent
1716 1983 1748 2012 et
1777 1978 1908 2012 edicere
1932 1976 2054 2011 faciant

218 2056 256 2078 ac
284 2045 500 2090 proclamare.
532 2043 726 2077 Adicientes
754 2043 840 2089 quod
870 2045 897 2077 si
926 2045 998 2088 quis
1027 2046 1143 2076 contra
1172 2045 1333 2088 premissa
1362 2040 1473 2074 facere
1504 2041 1742 2085 presumpserit
1779 2042 1834 2072 aut
1860 2041 2054 2083 attemptare

217 2110 363 2139 nostram
391 2106 656 2150 indignacionem
684 2103 946 2137 irremissibilem
973 2114 1011 2137 se
1039 2105 1167 2136 nouerit
1194 2104 1378 2135 incurrisse
1407 2099 1520 2134 harum
1548 2102 1735 2133 nostrarum
1764 2097 1881 2144 quibus
1903 2097 2052 2142 Sigillum

217 2171 361 2200 nostrum
391 2166 532 2211 appendi
560 2164 701 2198 fecimus
729 2164 936 2198 Testimonio
964 2163 1142 2197 literarum.
1172 2162 1292 2196 Datum
1320 2161 1457 2195 Brvnne
1485 2159 1537 2193 die
1564 2158 1650 2194 beati
1678 2158 1808 2193 Martini
1846 2157 2054 2192 confessoris

218 2227 318 2260 Anno
348 2227 467 2260 domini
497 2224 542 2260 ΜΟ
558 2224 654 2259 CCC⁰
668 2222 706 2258 L⁰
732 2227 848 2270 primo.

525 2313 600 2348 (Aus
624 2313 687 2338 dem
712 2311 807 2338 Codex
831 2311 943 2346 Nr.34‚
968 2311 1096 2345 F01.51‚
1126 2311 1164 2336 im
1187 2310 1313 2336 Archive
1338 2309 1389 2335 der
1412 2308 1439 2335 k.
1465 2307 1548 2334 Stadt
1572 2304 1695 2344 Briinn.)
