<?xml version="1.0" encoding="UTF-8"?>
<!DOCTYPE html PUBLIC "-//W3C//DTD XHTML 1.0 Transitional//EN"
    "http://www.w3.org/TR/xhtml1/DTD/xhtml1-transitional.dtd">
<html xmlns="http://www.w3.org/1999/xhtml" xml:lang="en" lang="en">
 <head>
  <title>
</title>
<meta http-equiv="Content-Type" content="text/html;charset=utf-8" />
  <meta name='ocr-system' content='tesseract 3.04.00' />
  <meta name='ocr-capabilities' content='ocr_page ocr_carea ocr_par ocr_line ocrx_word'/>
</head>
<body>
  <div class='ocr_page' id='page_1' title='image "./codexdiplomaticu08morauoft_0241.png"; bbox 0 0 2206 2735; ppageno 0'>
   <div class='ocr_carea' id='block_1_1' title="bbox 1075 67 1209 122">
    <p class='ocr_par' dir='ltr' id='par_1_1' title="bbox 1075 67 1209 122">
     <span class='ocr_line' id='line_1_1' title="bbox 1075 67 1209 122; baseline 0 -21"><span class='ocrx_word' id='word_1_1' title='bbox 1075 67 1209 122; x_wconf 52' lang='lat'>—211</span> 
     </span>
    </p>
   </div>
   <div class='ocr_carea' id='block_1_2' title="bbox 251 180 2104 2583">
    <p class='ocr_par' dir='ltr' id='par_1_2' title="bbox 251 180 2104 2583">
     <span class='ocr_line' id='line_1_2' title="bbox 254 180 2102 229; baseline -0.003 -9"><span class='ocrx_word' id='word_1_2' title='bbox 254 188 424 229; x_wconf 85' lang='lat' dir='ltr'>assignato</span> <span class='ocrx_word' id='word_1_3' title='bbox 452 184 537 219; x_wconf 89' lang='lat' dir='ltr'>datis</span> <span class='ocrx_word' id='word_1_4' title='bbox 565 194 625 229; x_wconf 90' lang='lat' dir='ltr'>per</span> <span class='ocrx_word' id='word_1_5' title='bbox 652 182 774 216; x_wconf 84' lang='lat' dir='ltr'>dictum</span> <span class='ocrx_word' id='word_1_6' title='bbox 803 180 990 216; x_wconf 87' lang='lat' dir='ltr'>Johannem</span> <span class='ocrx_word' id='word_1_7' title='bbox 1028 181 1244 226; x_wconf 82' lang='lat' dir='ltr'>principalem</span> <span class='ocrx_word' id='word_1_8' title='bbox 1284 182 1364 213; x_wconf 87' lang='lat' dir='ltr'>citra</span> <span class='ocrx_word' id='word_1_9' title='bbox 1395 183 1646 223; x_wconf 85' lang='lat' dir='ltr'>procuratorum</span> <span class='ocrx_word' id='word_1_10' title='bbox 1680 190 1814 213; x_wconf 88' lang='lat' dir='ltr'>suorum</span> <span class='ocrx_word' id='word_1_11' title='bbox 1844 183 2102 214; x_wconf 84' lang='lat' dir='ltr'>reuocacioneui</span> 
     </span>
     <span class='ocr_line' id='line_1_3' title="bbox 254 238 2104 290; baseline -0.003 -11"><span class='ocrx_word' id='word_1_12' title='bbox 254 245 418 279; x_wconf 78' lang='lat' dir='ltr'>nonnullis</span> <span class='ocrx_word' id='word_1_13' title='bbox 447 242 740 290; x_wconf 85' lang='lat' dir='ltr'>Responsionibus</span> <span class='ocrx_word' id='word_1_14' title='bbox 778 242 818 276; x_wconf 91' lang='lat' dir='ltr'>ad</span> <span class='ocrx_word' id='word_1_15' title='bbox 847 244 1038 287; x_wconf 88' lang='lat' dir='ltr'>posiciones</span> <span class='ocrx_word' id='word_1_16' title='bbox 1068 240 1144 274; x_wconf 87' lang='lat' dir='ltr'>dicti</span> <span class='ocrx_word' id='word_1_17' title='bbox 1172 239 1324 283; x_wconf 76' lang='lat' dir='ltr'>Magistri</span> <span class='ocrx_word' id='word_1_18' title='bbox 1353 238 1480 272; x_wconf 85' lang='lat' dir='ltr'>henrici</span> <span class='ocrx_word' id='word_1_19' title='bbox 1510 243 1541 272; x_wconf 88' lang='lat' dir='ltr'>et</span> <span class='ocrx_word' id='word_1_20' title='bbox 1571 242 1675 272; x_wconf 89' lang='lat' dir='ltr'>eciam</span> <span class='ocrx_word' id='word_1_21' title='bbox 1716 251 1776 285; x_wconf 87' lang='lat' dir='ltr'>per</span> <span class='ocrx_word' id='word_1_22' title='bbox 1812 239 1955 273; x_wconf 88' lang='lat' dir='ltr'>eundem</span> <span class='ocrx_word' id='word_1_23' title='bbox 1989 239 2104 285; x_wconf 80' lang='lat' dir='ltr'>Magi-</span> 
     </span>
     <span class='ocr_line' id='line_1_4' title="bbox 257 297 2103 347; baseline -0.003 -8"><span class='ocrx_word' id='word_1_24' title='bbox 257 311 358 339; x_wconf 90' lang='lat' dir='ltr'>strum</span> <span class='ocrx_word' id='word_1_25' title='bbox 389 305 560 339; x_wconf 85' lang='lat' dir='ltr'>henricum</span> <span class='ocrx_word' id='word_1_26' title='bbox 603 302 848 347; x_wconf 71' lang='lat' dir='ltr'>subsequenter</span> <span class='ocrx_word' id='word_1_27' title='bbox 885 301 926 335; x_wconf 90' lang='lat' dir='ltr'>ad</span> <span class='ocrx_word' id='word_1_28' title='bbox 962 303 1154 346; x_wconf 89' lang='lat' dir='ltr'>posiciones</span> <span class='ocrx_word' id='word_1_29' title='bbox 1183 305 1216 334; x_wconf 86' lang='lat' dir='ltr'>et</span> <span class='ocrx_word' id='word_1_30' title='bbox 1244 299 1416 333; x_wconf 80' lang='lat' dir='ltr'>Articulos</span> <span class='ocrx_word' id='word_1_31' title='bbox 1446 298 1521 331; x_wconf 90' lang='lat' dir='ltr'>dicti</span> <span class='ocrx_word' id='word_1_32' title='bbox 1550 297 1721 333; x_wconf 87' lang='lat' dir='ltr'>Johannis</span> <span class='ocrx_word' id='word_1_33' title='bbox 1751 299 1913 345; x_wconf 82' lang='lat' dir='ltr'>aliquibus</span> <span class='ocrx_word' id='word_1_34' title='bbox 1942 300 2103 346; x_wconf 89' lang='lat' dir='ltr'>Respon—</span> 
     </span>
     <span class='ocr_line' id='line_1_5' title="bbox 256 358 2104 409; baseline -0.003 -10"><span class='ocrx_word' id='word_1_35' title='bbox 256 365 404 400; x_wconf 88' lang='lat' dir='ltr'>sionibus</span> <span class='ocrx_word' id='word_1_36' title='bbox 432 363 639 399; x_wconf 89' lang='lat' dir='ltr'>Judicialiter</span> <span class='ocrx_word' id='word_1_37' title='bbox 667 363 837 409; x_wconf 91' lang='lat' dir='ltr'>productis</span> <span class='ocrx_word' id='word_1_38' title='bbox 867 366 898 396; x_wconf 91' lang='lat' dir='ltr'>et</span> <span class='ocrx_word' id='word_1_39' title='bbox 925 360 1024 394; x_wconf 87' lang='lat' dir='ltr'>factis</span> <span class='ocrx_word' id='word_1_40' title='bbox 1053 360 1262 406; x_wconf 90' lang='lat' dir='ltr'>postmodum</span> <span class='ocrx_word' id='word_1_41' title='bbox 1290 359 1421 405; x_wconf 83' lang='lat' dir='ltr'>prefato</span> <span class='ocrx_word' id='word_1_42' title='bbox 1442 358 1535 392; x_wconf 79' lang='lat' dir='ltr'>fratri</span> <span class='ocrx_word' id='word_1_43' title='bbox 1555 358 1680 392; x_wconf 87' lang='lat' dir='ltr'>Mathie</span> <span class='ocrx_word' id='word_1_44' title='bbox 1700 361 1874 405; x_wconf 89' lang='lat' dir='ltr'>principali</span> <span class='ocrx_word' id='word_1_45' title='bbox 1895 364 2104 406; x_wconf 71' lang='lat' dir='ltr'>procuratori</span> 
     </span>
     <span class='ocr_line' id='line_1_6' title="bbox 254 418 2102 471; baseline -0.002 -12"><span class='ocrx_word' id='word_1_46' title='bbox 254 437 314 471; x_wconf 87' lang='lat' dir='ltr'>per</span> <span class='ocrx_word' id='word_1_47' title='bbox 351 425 470 459; x_wconf 93' lang='lat' dir='ltr'>dictum</span> <span class='ocrx_word' id='word_1_48' title='bbox 505 424 693 458; x_wconf 89' lang='lat' dir='ltr'>Johannem</span> <span class='ocrx_word' id='word_1_49' title='bbox 730 422 944 469; x_wconf 83' lang='lat' dir='ltr'>principalem</span> <span class='ocrx_word' id='word_1_50' title='bbox 980 421 1173 466; x_wconf 89' lang='lat' dir='ltr'>quibusdam</span> <span class='ocrx_word' id='word_1_51' title='bbox 1202 418 1532 464; x_wconf 88' lang='lat' dir='ltr'>Interrogacionibus</span> <span class='ocrx_word' id='word_1_52' title='bbox 1568 422 1600 453; x_wconf 90' lang='lat' dir='ltr'>in</span> <span class='ocrx_word' id='word_1_53' title='bbox 1637 422 1767 465; x_wconf 90' lang='lat' dir='ltr'>scriptis</span> <span class='ocrx_word' id='word_1_54' title='bbox 1804 425 1836 453; x_wconf 91' lang='lat' dir='ltr'>et</span> <span class='ocrx_word' id='word_1_55' title='bbox 1865 432 1924 466; x_wconf 87' lang='lat' dir='ltr'>per</span> <span class='ocrx_word' id='word_1_56' title='bbox 1962 421 2102 455; x_wconf 89' lang='lat' dir='ltr'>eundem</span> 
     </span>
     <span class='ocr_line' id='line_1_7' title="bbox 259 479 2101 528; baseline -0.003 -9"><span class='ocrx_word' id='word_1_57' title='bbox 259 487 392 519; x_wconf 81' lang='lat' dir='ltr'>tratrem</span> <span class='ocrx_word' id='word_1_58' title='bbox 421 483 576 518; x_wconf 89' lang='lat' dir='ltr'>Mathiam</span> <span class='ocrx_word' id='word_1_59' title='bbox 621 484 787 517; x_wconf 86' lang='lat' dir='ltr'>nonnullis</span> <span class='ocrx_word' id='word_1_60' title='bbox 816 480 1105 528; x_wconf 70' lang='lat' dir='ltr'>Pie-sponsionibus</span> <span class='ocrx_word' id='word_1_61' title='bbox 1146 484 1178 514; x_wconf 92' lang='lat' dir='ltr'>in</span> <span class='ocrx_word' id='word_1_62' title='bbox 1221 482 1354 526; x_wconf 88' lang='lat' dir='ltr'>scriptis</span> <span class='ocrx_word' id='word_1_63' title='bbox 1392 479 1582 514; x_wconf 79' lang='lat' dir='ltr'>subsecutis</span> <span class='ocrx_word' id='word_1_64' title='bbox 1619 492 1657 513; x_wconf 91' lang='lat' dir='ltr'>ac</span> <span class='ocrx_word' id='word_1_65' title='bbox 1696 481 1864 526; x_wconf 89' lang='lat' dir='ltr'>productis</span> <span class='ocrx_word' id='word_1_66' title='bbox 1893 492 1953 526; x_wconf 87' lang='lat' dir='ltr'>per</span> <span class='ocrx_word' id='word_1_67' title='bbox 1981 481 2101 515; x_wconf 86' lang='lat' dir='ltr'>dictum</span> 
     </span>
     <span class='ocr_line' id='line_1_8' title="bbox 255 531 2102 591; baseline -0.003 -11"><span class='ocrx_word' id='word_1_68' title='bbox 255 546 440 580; x_wconf 89' lang='lat' dir='ltr'>Johannem</span> <span class='ocrx_word' id='word_1_69' title='bbox 470 545 686 591; x_wconf 77' lang='lat' dir='ltr'>principalem</span> <span class='ocrx_word' id='word_1_70' title='bbox 725 531 890 578; x_wconf 69' lang='lat' dir='ltr'>nonnullis</span> <span class='ocrx_word' id='word_1_71' title='bbox 927 541 999 575; x_wconf 89' lang='lat' dir='ltr'>aliis</span> <span class='ocrx_word' id='word_1_72' title='bbox 1033 541 1172 575; x_wconf 89' lang='lat' dir='ltr'>testibus</span> <span class='ocrx_word' id='word_1_73' title='bbox 1207 541 1353 575; x_wconf 85' lang='lat' dir='ltr'>affuturis</span> <span class='ocrx_word' id='word_1_74' title='bbox 1383 542 1531 586; x_wconf 86' lang='lat' dir='ltr'>ipsisque</span> <span class='ocrx_word' id='word_1_75' title='bbox 1560 543 1592 573; x_wconf 92' lang='lat' dir='ltr'>in</span> <span class='ocrx_word' id='word_1_76' title='bbox 1621 543 1675 574; x_wconf 90' lang='lat' dir='ltr'>via</span> <span class='ocrx_word' id='word_1_77' title='bbox 1706 543 1784 574; x_wconf 90' lang='lat' dir='ltr'>iuris</span> <span class='ocrx_word' id='word_1_78' title='bbox 1814 545 1957 587; x_wconf 73' lang='lat' dir='ltr'>receptis</span> <span class='ocrx_word' id='word_1_79' title='bbox 1987 544 2102 576; x_wconf 71' lang='lat' dir='ltr'>iuratis</span> 
     </span>
     <span class='ocr_line' id='line_1_9' title="bbox 254 600 2103 650; baseline -0.003 -10"><span class='ocrx_word' id='word_1_80' title='bbox 254 611 286 640; x_wconf 85' lang='lat' dir='ltr'>et</span> <span class='ocrx_word' id='word_1_81' title='bbox 316 606 491 650; x_wconf 82' lang='lat' dir='ltr'>diligenter</span> <span class='ocrx_word' id='word_1_82' title='bbox 519 607 718 638; x_wconf 78' lang='lat' dir='ltr'>examinatis</span> <span class='ocrx_word' id='word_1_83' title='bbox 747 602 998 648; x_wconf 86' lang='lat' dir='ltr'>Subsequenter</span> <span class='ocrx_word' id='word_1_84' title='bbox 1027 606 1134 635; x_wconf 89' lang='lat' dir='ltr'>autem</span> <span class='ocrx_word' id='word_1_85' title='bbox 1162 601 1309 647; x_wconf 77' lang='lat' dir='ltr'>prefatus</span> <span class='ocrx_word' id='word_1_86' title='bbox 1338 600 1488 634; x_wconf 89' lang='lat' dir='ltr'>dominus</span> <span class='ocrx_word' id='word_1_87' title='bbox 1519 600 1710 646; x_wconf 72' lang='lat' dir='ltr'>Stephanus</span> <span class='ocrx_word' id='word_1_88' title='bbox 1740 600 1881 634; x_wconf 90' lang='lat' dir='ltr'>Auditor</span> <span class='ocrx_word' id='word_1_89' title='bbox 1910 601 1947 635; x_wconf 91' lang='lat' dir='ltr'>ad</span> <span class='ocrx_word' id='word_1_90' title='bbox 1971 605 2103 636; x_wconf 87' lang='lat' dir='ltr'>instan-</span> 
     </span>
     <span class='ocr_line' id='line_1_10' title="bbox 254 661 2101 712; baseline -0.002 -13"><span class='ocrx_word' id='word_1_91' title='bbox 254 669 337 700; x_wconf 88' lang='lat' dir='ltr'>ciam</span> <span class='ocrx_word' id='word_1_92' title='bbox 367 665 486 712; x_wconf 87' lang='lat' dir='ltr'>prefati</span> <span class='ocrx_word' id='word_1_93' title='bbox 525 665 687 700; x_wconf 89' lang='lat' dir='ltr'>Johannis</span> <span class='ocrx_word' id='word_1_94' title='bbox 722 663 913 710; x_wconf 89' lang='lat' dir='ltr'>principalis</span> <span class='ocrx_word' id='word_1_95' title='bbox 950 663 1071 696; x_wconf 87' lang='lat' dir='ltr'>dictum</span> <span class='ocrx_word' id='word_1_96' title='bbox 1109 662 1280 695; x_wconf 85' lang='lat' dir='ltr'>henricum</span> <span class='ocrx_word' id='word_1_97' title='bbox 1319 661 1437 706; x_wconf 87' lang='lat' dir='ltr'>Biscop</span> <span class='ocrx_word' id='word_1_98' title='bbox 1467 666 1716 706; x_wconf 85' lang='lat' dir='ltr'>procuratorem</span> <span class='ocrx_word' id='word_1_99' title='bbox 1748 661 1787 693; x_wconf 91' lang='lat' dir='ltr'>ad</span> <span class='ocrx_word' id='word_1_100' title='bbox 1817 661 2101 707; x_wconf 86' lang='lat' dir='ltr'>Respondenduni</span> 
     </span>
     <span class='ocr_line' id='line_1_11' title="bbox 255 720 2104 772; baseline -0.002 -12"><span class='ocrx_word' id='word_1_101' title='bbox 255 727 383 772; x_wconf 87' lang='lat' dir='ltr'>plenius</span> <span class='ocrx_word' id='word_1_102' title='bbox 413 725 472 760; x_wconf 90' lang='lat' dir='ltr'>sub</span> <span class='ocrx_word' id='word_1_103' title='bbox 502 726 830 759; x_wconf 82' lang='lat' dir='ltr'>excomunicacionis</span> <span class='ocrx_word' id='word_1_104' title='bbox 860 734 944 769; x_wconf 89' lang='lat' dir='ltr'>pena</span> <span class='ocrx_word' id='word_1_105' title='bbox 974 722 1201 769; x_wconf 88' lang='lat' dir='ltr'>posicionihus</span> <span class='ocrx_word' id='word_1_106' title='bbox 1231 724 1299 755; x_wconf 90' lang='lat' dir='ltr'>suis</span> <span class='ocrx_word' id='word_1_107' title='bbox 1328 720 1484 767; x_wconf 88' lang='lat' dir='ltr'>predictis</span> <span class='ocrx_word' id='word_1_108' title='bbox 1514 731 1574 766; x_wconf 77' lang='lat' dir='ltr'>per</span> <span class='ocrx_word' id='word_1_109' title='bbox 1602 725 1728 754; x_wconf 90' lang='lat' dir='ltr'>certum</span> <span class='ocrx_word' id='word_1_110' title='bbox 1759 721 1880 754; x_wconf 92' lang='lat' dir='ltr'>domini</span> <span class='ocrx_word' id='word_1_111' title='bbox 1908 733 1993 767; x_wconf 84' lang='lat' dir='ltr'>pape</span> <span class='ocrx_word' id='word_1_112' title='bbox 2015 722 2104 756; x_wconf 80' lang='lat' dir='ltr'>Gur—</span> 
     </span>
     <span class='ocr_line' id='line_1_12' title="bbox 254 782 2102 828; baseline -0.003 -7"><span class='ocrx_word' id='word_1_113' title='bbox 254 798 364 821; x_wconf 87' lang='lat' dir='ltr'>sorem</span> <span class='ocrx_word' id='word_1_114' title='bbox 393 790 486 820; x_wconf 91' lang='lat' dir='ltr'>citari</span> <span class='ocrx_word' id='word_1_115' title='bbox 524 785 690 820; x_wconf 91' lang='lat' dir='ltr'>mandauit</span> <span class='ocrx_word' id='word_1_116' title='bbox 735 789 766 818; x_wconf 91' lang='lat' dir='ltr'>et</span> <span class='ocrx_word' id='word_1_117' title='bbox 808 783 888 817; x_wconf 90' lang='lat' dir='ltr'>fecit</span> <span class='ocrx_word' id='word_1_118' title='bbox 935 783 973 817; x_wconf 87' lang='lat' dir='ltr'>ad</span> <span class='ocrx_word' id='word_1_119' title='bbox 1020 788 1147 817; x_wconf 88' lang='lat' dir='ltr'>certum</span> <span class='ocrx_word' id='word_1_120' title='bbox 1182 784 1439 828; x_wconf 89' lang='lat' dir='ltr'>peremptorium</span> <span class='ocrx_word' id='word_1_121' title='bbox 1479 784 1654 815; x_wconf 87' lang='lat' dir='ltr'>terminum</span> <span class='ocrx_word' id='word_1_122' title='bbox 1692 786 1934 827; x_wconf 84' lang='lat' dir='ltr'>competentem</span> <span class='ocrx_word' id='word_1_123' title='bbox 1973 782 2007 815; x_wconf 91' lang='lat' dir='ltr'>In</span> <span class='ocrx_word' id='word_1_124' title='bbox 2039 795 2102 828; x_wconf 87' lang='lat' dir='ltr'>quo</span> 
     </span>
     <span class='ocr_line' id='line_1_13' title="bbox 254 840 2102 893; baseline -0.003 -12"><span class='ocrx_word' id='word_1_125' title='bbox 254 846 521 893; x_wconf 80' lang='lat' dir='ltr'>comparentibus</span> <span class='ocrx_word' id='word_1_126' title='bbox 559 849 590 880; x_wconf 93' lang='lat' dir='ltr'>in</span> <span class='ocrx_word' id='word_1_127' title='bbox 624 845 753 879; x_wconf 88' lang='lat' dir='ltr'>Judicio</span> <span class='ocrx_word' id='word_1_128' title='bbox 795 855 908 878; x_wconf 91' lang='lat' dir='ltr'>coram</span> <span class='ocrx_word' id='word_1_129' title='bbox 951 844 1123 891; x_wconf 87' lang='lat' dir='ltr'>sepedicto</span> <span class='ocrx_word' id='word_1_130' title='bbox 1165 842 1298 876; x_wconf 88' lang='lat' dir='ltr'>domino</span> <span class='ocrx_word' id='word_1_131' title='bbox 1331 840 1503 887; x_wconf 88' lang='lat' dir='ltr'>Stephano</span> <span class='ocrx_word' id='word_1_132' title='bbox 1541 842 1702 876; x_wconf 85' lang='lat' dir='ltr'>Auditore</span> <span class='ocrx_word' id='word_1_133' title='bbox 1738 841 1891 875; x_wconf 89' lang='lat' dir='ltr'>Johanne</span> <span class='ocrx_word' id='word_1_134' title='bbox 1931 844 2102 888; x_wconf 86' lang='lat' dir='ltr'>principali</span> 
     </span>
     <span class='ocr_line' id='line_1_14' title="bbox 254 901 2101 951; baseline -0.003 -10"><span class='ocrx_word' id='word_1_135' title='bbox 254 911 335 941; x_wconf 89' lang='lat' dir='ltr'>citra</span> <span class='ocrx_word' id='word_1_136' title='bbox 374 910 628 941; x_wconf 89' lang='lat' dir='ltr'>reuocacionem</span> <span class='ocrx_word' id='word_1_137' title='bbox 666 910 917 951; x_wconf 88' lang='lat' dir='ltr'>procuratorum</span> <span class='ocrx_word' id='word_1_138' title='bbox 954 915 1088 938; x_wconf 88' lang='lat' dir='ltr'>suorum</span> <span class='ocrx_word' id='word_1_139' title='bbox 1127 914 1169 936; x_wconf 78' lang='lat' dir='ltr'>ex</span> <span class='ocrx_word' id='word_1_140' title='bbox 1207 907 1301 949; x_wconf 84' lang='lat' dir='ltr'>parte</span> <span class='ocrx_word' id='word_1_141' title='bbox 1338 914 1404 936; x_wconf 92' lang='lat' dir='ltr'>vna</span> <span class='ocrx_word' id='word_1_142' title='bbox 1440 907 1471 935; x_wconf 86' lang='lat' dir='ltr'>et</span> <span class='ocrx_word' id='word_1_143' title='bbox 1507 901 1667 947; x_wconf 85' lang='lat' dir='ltr'>Magistro</span> <span class='ocrx_word' id='word_1_144' title='bbox 1705 901 1852 935; x_wconf 87' lang='lat' dir='ltr'>Henrico</span> <span class='ocrx_word' id='word_1_145' title='bbox 1883 908 2101 948; x_wconf 69' lang='lat' dir='ltr'>procuratori·</span> 
     </span>
     <span class='ocr_line' id='line_1_15' title="bbox 257 962 2102 1013; baseline -0.004 -11"><span class='ocrx_word' id='word_1_146' title='bbox 257 968 414 1013; x_wconf 85' lang='lat' dir='ltr'>predictis</span> <span class='ocrx_word' id='word_1_147' title='bbox 444 979 487 1001; x_wconf 80' lang='lat' dir='ltr'>ex</span> <span class='ocrx_word' id='word_1_148' title='bbox 516 968 620 1001; x_wconf 90' lang='lat' dir='ltr'>altera</span> <span class='ocrx_word' id='word_1_149' title='bbox 650 967 736 1000; x_wconf 90' lang='lat' dir='ltr'>dicto</span> <span class='ocrx_word' id='word_1_150' title='bbox 766 966 928 1010; x_wconf 78' lang='lat' dir='ltr'>Magistro</span> <span class='ocrx_word' id='word_1_151' title='bbox 957 965 1092 999; x_wconf 91' lang='lat' dir='ltr'>henrico</span> <span class='ocrx_word' id='word_1_152' title='bbox 1122 969 1338 1010; x_wconf 83' lang='lat' dir='ltr'>procuratore</span> <span class='ocrx_word' id='word_1_153' title='bbox 1367 963 1543 997; x_wconf 86' lang='lat' dir='ltr'>nonnullas</span> <span class='ocrx_word' id='word_1_154' title='bbox 1565 962 1819 1008; x_wconf 86' lang='lat' dir='ltr'>Responsiones</span> <span class='ocrx_word' id='word_1_155' title='bbox 1850 963 1889 996; x_wconf 87' lang='lat' dir='ltr'>ad</span> <span class='ocrx_word' id='word_1_156' title='bbox 1910 966 2102 1009; x_wconf 66' lang='lat' dir='ltr'>posiciones</span> 
     </span>
     <span class='ocr_line' id='line_1_16' title="bbox 254 1023 2101 1073; baseline -0.003 -11"><span class='ocrx_word' id='word_1_157' title='bbox 254 1029 330 1062; x_wconf 89' lang='lat' dir='ltr'>dicti</span> <span class='ocrx_word' id='word_1_158' title='bbox 359 1028 521 1062; x_wconf 88' lang='lat' dir='ltr'>Johannis</span> <span class='ocrx_word' id='word_1_159' title='bbox 550 1028 741 1073; x_wconf 90' lang='lat' dir='ltr'>principalis</span> <span class='ocrx_word' id='word_1_160' title='bbox 771 1026 950 1060; x_wconf 82' lang='lat' dir='ltr'>exhibente</span> <span class='ocrx_word' id='word_1_161' title='bbox 980 1038 1018 1059; x_wconf 90' lang='lat' dir='ltr'>ac</span> <span class='ocrx_word' id='word_1_162' title='bbox 1049 1029 1182 1071; x_wconf 88' lang='lat' dir='ltr'>petente</span> <span class='ocrx_word' id='word_1_163' title='bbox 1212 1035 1271 1070; x_wconf 91' lang='lat' dir='ltr'>per</span> <span class='ocrx_word' id='word_1_164' title='bbox 1301 1024 1443 1057; x_wconf 89' lang='lat' dir='ltr'>eundem</span> <span class='ocrx_word' id='word_1_165' title='bbox 1473 1024 1638 1057; x_wconf 89' lang='lat' dir='ltr'>dominum</span> <span class='ocrx_word' id='word_1_166' title='bbox 1669 1023 1872 1069; x_wconf 85' lang='lat' dir='ltr'>Stephanum</span> <span class='ocrx_word' id='word_1_167' title='bbox 1905 1023 2101 1057; x_wconf 87' lang='lat' dir='ltr'>Auditoreui</span> 
     </span>
     <span class='ocr_line' id='line_1_17' title="bbox 253 1084 2100 1132; baseline -0.003 -10"><span class='ocrx_word' id='word_1_168' title='bbox 253 1099 386 1122; x_wconf 85' lang='lat' dir='ltr'>causam</span> <span class='ocrx_word' id='word_1_169' title='bbox 416 1088 601 1122; x_wconf 90' lang='lat' dir='ltr'>huiusmodi</span> <span class='ocrx_word' id='word_1_170' title='bbox 631 1090 663 1121; x_wconf 92' lang='lat' dir='ltr'>in</span> <span class='ocrx_word' id='word_1_171' title='bbox 692 1086 928 1121; x_wconf 87' lang='lat' dir='ltr'>Relacionibus</span> <span class='ocrx_word' id='word_1_172' title='bbox 957 1086 1096 1132; x_wconf 90' lang='lat' dir='ltr'>publicis</span> <span class='ocrx_word' id='word_1_173' title='bbox 1125 1087 1202 1131; x_wconf 91' lang='lat' dir='ltr'>poni</span> <span class='ocrx_word' id='word_1_174' title='bbox 1232 1095 1333 1129; x_wconf 89' lang='lat' dir='ltr'>super</span> <span class='ocrx_word' id='word_1_175' title='bbox 1362 1085 1562 1118; x_wconf 83' lang='lat' dir='ltr'>admissione</span> <span class='ocrx_word' id='word_1_176' title='bbox 1592 1085 1642 1117; x_wconf 91' lang='grc'><strong>1101</strong></span> <span class='ocrx_word' id='word_1_177' title='bbox 1664 1084 1852 1129; x_wconf 89' lang='lat' dir='ltr'>repulsione</span> <span class='ocrx_word' id='word_1_178' title='bbox 1873 1084 2100 1117; x_wconf 88' lang='lat' dir='ltr'>Articulorum</span> 
     </span>
     <span class='ocr_line' id='line_1_18' title="bbox 254 1143 2101 1193; baseline -0.003 -11"><span class='ocrx_word' id='word_1_179' title='bbox 254 1149 406 1183; x_wconf 88' lang='lat' dir='ltr'>hincinde</span> <span class='ocrx_word' id='word_1_180' title='bbox 436 1148 594 1193; x_wconf 85' lang='lat' dir='ltr'>Idemque</span> <span class='ocrx_word' id='word_1_181' title='bbox 622 1148 773 1182; x_wconf 90' lang='lat' dir='ltr'>dominus</span> <span class='ocrx_word' id='word_1_182' title='bbox 803 1147 993 1193; x_wconf 83' lang='lat' dir='ltr'>Stephanus</span> <span class='ocrx_word' id='word_1_183' title='bbox 1023 1146 1166 1180; x_wconf 87' lang='lat' dir='ltr'>Auditor</span> <span class='ocrx_word' id='word_1_184' title='bbox 1200 1145 1238 1178; x_wconf 89' lang='lat' dir='ltr'>ad</span> <span class='ocrx_word' id='word_1_185' title='bbox 1269 1147 1466 1178; x_wconf 87' lang='lat' dir='ltr'>instanciam</span> <span class='ocrx_word' id='word_1_186' title='bbox 1497 1145 1573 1177; x_wconf 92' lang='lat' dir='ltr'>dicti</span> <span class='ocrx_word' id='word_1_187' title='bbox 1603 1143 1766 1178; x_wconf 70' lang='grc' dir='ltr'>ι101111111115</span> <span class='ocrx_word' id='word_1_188' title='bbox 1796 1145 1986 1190; x_wconf 88' lang='lat' dir='ltr'>principalis</span> <span class='ocrx_word' id='word_1_189' title='bbox 2015 1156 2101 1178; x_wconf 90' lang='lat' dir='ltr'>euu—</span> 
     </span>
     <span class='ocr_line' id='line_1_19' title="bbox 255 1205 2100 1254; baseline -0.003 -12"><span class='ocrx_word' id='word_1_190' title='bbox 255 1210 329 1242; x_wconf 84' lang='lat' dir='ltr'>dem</span> <span class='ocrx_word' id='word_1_191' title='bbox 358 1209 552 1253; x_wconf 76' lang='lat' dir='ltr'>Magistrum</span> <span class='ocrx_word' id='word_1_192' title='bbox 583 1208 753 1242; x_wconf 86' lang='lat' dir='ltr'>henricum</span> <span class='ocrx_word' id='word_1_193' title='bbox 784 1211 1034 1254; x_wconf 84' lang='lat' dir='ltr'>procuratorem</span> <span class='ocrx_word' id='word_1_194' title='bbox 1064 1207 1102 1240; x_wconf 85' lang='lat' dir='ltr'>ad</span> <span class='ocrx_word' id='word_1_195' title='bbox 1133 1205 1305 1239; x_wconf 86' lang='lat' dir='ltr'>dicendum</span> <span class='ocrx_word' id='word_1_196' title='bbox 1345 1205 1489 1250; x_wconf 87' lang='lat' dir='ltr'>quitquid</span> <span class='ocrx_word' id='word_1_197' title='bbox 1526 1205 1636 1238; x_wconf 85' lang='lat' dir='ltr'>dicere</span> <span class='ocrx_word' id='word_1_198' title='bbox 1667 1206 1767 1238; x_wconf 80' lang='lat' dir='ltr'>vellet</span> <span class='ocrx_word' id='word_1_199' title='bbox 1796 1210 1910 1238; x_wconf 88' lang='lat' dir='ltr'>contra</span> <span class='ocrx_word' id='word_1_200' title='bbox 1941 1205 2100 1250; x_wconf 88' lang='lat' dir='ltr'>quasdam</span> 
     </span>
     <span class='ocr_line' id='line_1_20' title="bbox 253 1265 2100 1314; baseline -0.003 -11"><span class='ocrx_word' id='word_1_201' title='bbox 253 1270 505 1303; x_wconf 87' lang='lat' dir='ltr'>declaraciones</span> <span class='ocrx_word' id='word_1_202' title='bbox 534 1280 594 1314; x_wconf 90' lang='lat' dir='ltr'>per</span> <span class='ocrx_word' id='word_1_203' title='bbox 623 1268 741 1302; x_wconf 89' lang='lat' dir='ltr'>dictum</span> <span class='ocrx_word' id='word_1_204' title='bbox 771 1267 957 1301; x_wconf 66' lang='lat' dir='ltr'>johannem</span> <span class='ocrx_word' id='word_1_205' title='bbox 995 1267 1211 1312; x_wconf 89' lang='lat' dir='ltr'>principalem</span> <span class='ocrx_word' id='word_1_206' title='bbox 1250 1269 1281 1300; x_wconf 92' lang='lat' dir='ltr'>in</span> <span class='ocrx_word' id='word_1_207' title='bbox 1311 1265 1496 1300; x_wconf 89' lang='lat' dir='ltr'>huiusmodi</span> <span class='ocrx_word' id='word_1_208' title='bbox 1524 1277 1626 1300; x_wconf 86' lang='lat' dir='ltr'>causa</span> <span class='ocrx_word' id='word_1_209' title='bbox 1655 1265 1696 1299; x_wconf 90' lang='grc'>(10</span> <span class='ocrx_word' id='word_1_210' title='bbox 1726 1276 1812 1299; x_wconf 86' lang='grc'><strong>110110</strong></span> <span class='ocrx_word' id='word_1_211' title='bbox 1841 1265 2010 1311; x_wconf 85' lang='lat' dir='ltr'>productis</span> <span class='ocrx_word' id='word_1_212' title='bbox 2040 1278 2100 1311; x_wconf 90' lang='lat' dir='ltr'>per</span> 
     </span>
     <span class='ocr_line' id='line_1_21' title="bbox 255 1326 2103 1374; baseline -0.003 -11"><span class='ocrx_word' id='word_1_213' title='bbox 255 1329 419 1374; x_wconf 75' lang='lat' dir='ltr'>querulam</span> <span class='ocrx_word' id='word_1_214' title='bbox 457 1330 579 1363; x_wconf 91' lang='lat' dir='ltr'>domini</span> <span class='ocrx_word' id='word_1_215' title='bbox 615 1340 699 1374; x_wconf 90' lang='lat' dir='ltr'>pape</span> <span class='ocrx_word' id='word_1_216' title='bbox 736 1328 914 1362; x_wconf 87' lang='lat' dir='ltr'>Cursorem</span> <span class='ocrx_word' id='word_1_217' title='bbox 957 1330 1048 1361; x_wconf 90' lang='lat' dir='ltr'>citari</span> <span class='ocrx_word' id='word_1_218' title='bbox 1087 1327 1253 1361; x_wconf 87' lang='lat' dir='ltr'>mandauit</span> <span class='ocrx_word' id='word_1_219' title='bbox 1282 1332 1312 1359; x_wconf 77' lang='lat' dir='ltr'>et</span> <span class='ocrx_word' id='word_1_220' title='bbox 1342 1327 1420 1360; x_wconf 86' lang='lat' dir='ltr'>fecit</span> <span class='ocrx_word' id='word_1_221' title='bbox 1449 1326 1487 1359; x_wconf 92' lang='lat' dir='ltr'>ad</span> <span class='ocrx_word' id='word_1_222' title='bbox 1519 1331 1644 1360; x_wconf 86' lang='lat' dir='ltr'>certum</span> <span class='ocrx_word' id='word_1_223' title='bbox 1675 1329 1931 1372; x_wconf 86' lang='lat' dir='ltr'>peremptorium</span> <span class='ocrx_word' id='word_1_224' title='bbox 1962 1337 2103 1371; x_wconf 79' lang='lat' dir='ltr'>compe-</span> 
     </span>
     <span class='ocr_line' id='line_1_22' title="bbox 253 1387 2101 1435; baseline -0.002 -12"><span class='ocrx_word' id='word_1_225' title='bbox 253 1395 387 1432; x_wconf 76' lang='lat' dir='ltr'>tentem,</span> <span class='ocrx_word' id='word_1_226' title='bbox 417 1389 452 1423; x_wconf 90' lang='lat' dir='ltr'>ln</span> <span class='ocrx_word' id='word_1_227' title='bbox 482 1401 545 1434; x_wconf 89' lang='lat' dir='ltr'>quo</span> <span class='ocrx_word' id='word_1_228' title='bbox 581 1390 666 1423; x_wconf 89' lang='lat' dir='ltr'>datis</span> <span class='ocrx_word' id='word_1_229' title='bbox 703 1400 763 1435; x_wconf 92' lang='lat' dir='ltr'>per</span> <span class='ocrx_word' id='word_1_230' title='bbox 800 1390 919 1423; x_wconf 88' lang='lat' dir='ltr'>dictum</span> <span class='ocrx_word' id='word_1_231' title='bbox 957 1388 1126 1421; x_wconf 90' lang='lat' dir='ltr'>henricum</span> <span class='ocrx_word' id='word_1_232' title='bbox 1169 1392 1417 1433; x_wconf 89' lang='lat' dir='ltr'>procuratorem</span> <span class='ocrx_word' id='word_1_233' title='bbox 1460 1391 1574 1420; x_wconf 87' lang='lat' dir='ltr'>contra</span> <span class='ocrx_word' id='word_1_234' title='bbox 1618 1387 1872 1420; x_wconf 77' lang='lat' dir='ltr'>declaraciones</span> <span class='ocrx_word' id='word_1_235' title='bbox 1916 1387 2101 1420; x_wconf 89' lang='lat' dir='ltr'>huiusmodi</span> 
     </span>
     <span class='ocr_line' id='line_1_23' title="bbox 253 1447 2101 1496; baseline -0.002 -12"><span class='ocrx_word' id='word_1_236' title='bbox 253 1450 451 1495; x_wconf 85' lang='lat' dir='ltr'>quibusdam</span> <span class='ocrx_word' id='word_1_237' title='bbox 480 1449 742 1496; x_wconf 85' lang='lat' dir='ltr'>excepcionibus</span> <span class='ocrx_word' id='word_1_238' title='bbox 771 1453 803 1483; x_wconf 91' lang='lat' dir='ltr'>in</span> <span class='ocrx_word' id='word_1_239' title='bbox 832 1452 964 1495; x_wconf 84' lang='lat' dir='ltr'>scriptis</span> <span class='ocrx_word' id='word_1_240' title='bbox 993 1453 1025 1481; x_wconf 90' lang='lat' dir='ltr'>et</span> <span class='ocrx_word' id='word_1_241' title='bbox 1053 1448 1221 1494; x_wconf 88' lang='lat' dir='ltr'>productis</span> <span class='ocrx_word' id='word_1_242' title='bbox 1251 1459 1310 1494; x_wconf 86' lang='lat' dir='ltr'>per</span> <span class='ocrx_word' id='word_1_243' title='bbox 1339 1448 1478 1481; x_wconf 90' lang='lat' dir='ltr'>eundem</span> <span class='ocrx_word' id='word_1_244' title='bbox 1510 1447 1706 1492; x_wconf 74' lang='lat' dir='ltr'>Magistrum</span> <span class='ocrx_word' id='word_1_245' title='bbox 1737 1448 1907 1481; x_wconf 86' lang='lat' dir='ltr'>henricum</span> <span class='ocrx_word' id='word_1_246' title='bbox 1940 1450 1970 1480; x_wconf 92' lang='lat' dir='ltr'>in</span> <span class='ocrx_word' id='word_1_247' title='bbox 2000 1459 2101 1481; x_wconf 87' lang='lat' dir='ltr'>causa</span> 
     </span>
     <span class='ocr_line' id='line_1_24' title="bbox 252 1507 2099 1556; baseline -0.003 -11"><span class='ocrx_word' id='word_1_248' title='bbox 252 1511 437 1545; x_wconf 86' lang='lat' dir='ltr'>huiusmodi</span> <span class='ocrx_word' id='word_1_249' title='bbox 467 1511 660 1556; x_wconf 85' lang='lat' dir='ltr'>quibusdam</span> <span class='ocrx_word' id='word_1_250' title='bbox 691 1511 792 1544; x_wconf 89' lang='lat' dir='ltr'>literis</span> <span class='ocrx_word' id='word_1_251' title='bbox 823 1514 854 1543; x_wconf 86' lang='lat' dir='ltr'>et</span> <span class='ocrx_word' id='word_1_252' title='bbox 882 1509 1111 1543; x_wconf 87' lang='lat' dir='ltr'>Instrumentis</span> <span class='ocrx_word' id='word_1_253' title='bbox 1141 1520 1242 1554; x_wconf 88' lang='lat' dir='ltr'>super</span> <span class='ocrx_word' id='word_1_254' title='bbox 1270 1512 1394 1543; x_wconf 84' lang='lat' dir='ltr'>vnione</span> <span class='ocrx_word' id='word_1_255' title='bbox 1422 1507 1571 1554; x_wconf 88' lang='lat' dir='ltr'>predicte</span> <span class='ocrx_word' id='word_1_256' title='bbox 1600 1507 1800 1553; x_wconf 87' lang='lat' dir='ltr'>parochialis</span> <span class='ocrx_word' id='word_1_257' title='bbox 1831 1508 1978 1542; x_wconf 85' lang='lat' dir='ltr'>ecclesie</span> <span class='ocrx_word' id='word_1_258' title='bbox 2010 1507 2099 1541; x_wconf 84' lang='lat' dir='ltr'>Idem</span> 
     </span>
     <span class='ocr_line' id='line_1_25' title="bbox 252 1567 2099 1616; baseline -0.002 -11"><span class='ocrx_word' id='word_1_259' title='bbox 252 1571 403 1605; x_wconf 88' lang='lat' dir='ltr'>dominus</span> <span class='ocrx_word' id='word_1_260' title='bbox 434 1570 624 1616; x_wconf 84' lang='lat' dir='ltr'>Stephanus</span> <span class='ocrx_word' id='word_1_261' title='bbox 664 1571 806 1604; x_wconf 80' lang='lat' dir='ltr'>Auditor</span> <span class='ocrx_word' id='word_1_262' title='bbox 839 1570 878 1603; x_wconf 91' lang='lat' dir='ltr'>ad</span> <span class='ocrx_word' id='word_1_263' title='bbox 909 1569 1082 1603; x_wconf 88' lang='lat' dir='ltr'>dicendum</span> <span class='ocrx_word' id='word_1_264' title='bbox 1121 1573 1236 1603; x_wconf 87' lang='lat' dir='ltr'>contra</span> <span class='ocrx_word' id='word_1_265' title='bbox 1266 1569 1452 1603; x_wconf 88' lang='lat' dir='ltr'>huiusmodi</span> <span class='ocrx_word' id='word_1_266' title='bbox 1480 1570 1593 1602; x_wconf 81' lang='lat' dir='ltr'>literas</span> <span class='ocrx_word' id='word_1_267' title='bbox 1623 1573 1654 1601; x_wconf 94' lang='lat' dir='ltr'>et</span> <span class='ocrx_word' id='word_1_268' title='bbox 1683 1568 1906 1602; x_wconf 87' lang='lat' dir='ltr'>Instrumenta</span> <span class='ocrx_word' id='word_1_269' title='bbox 1936 1567 2099 1614; x_wconf 87' lang='lat' dir='ltr'>prefatum</span> 
     </span>
     <span class='ocr_line' id='line_1_26' title="bbox 253 1628 2099 1677; baseline -0.002 -12"><span class='ocrx_word' id='word_1_270' title='bbox 253 1631 440 1665; x_wconf 82' lang='lat' dir='ltr'>Johannem</span> <span class='ocrx_word' id='word_1_271' title='bbox 470 1632 683 1677; x_wconf 87' lang='lat' dir='ltr'>principalem</span> <span class='ocrx_word' id='word_1_272' title='bbox 715 1643 773 1677; x_wconf 79' lang='lat' dir='ltr'>pci-</span> <span class='ocrx_word' id='word_1_273' title='bbox 803 1636 929 1664; x_wconf 85' lang='lat' dir='ltr'>certum</span> <span class='ocrx_word' id='word_1_274' title='bbox 959 1630 1081 1664; x_wconf 80' lang='lat' dir='ltr'>domini</span> <span class='ocrx_word' id='word_1_275' title='bbox 1108 1640 1194 1676; x_wconf 91' lang='lat' dir='ltr'>pape</span> <span class='ocrx_word' id='word_1_276' title='bbox 1223 1628 1399 1663; x_wconf 83' lang='lat' dir='ltr'>Cursorem</span> <span class='ocrx_word' id='word_1_277' title='bbox 1430 1632 1522 1663; x_wconf 90' lang='lat' dir='ltr'>citari</span> <span class='ocrx_word' id='word_1_278' title='bbox 1544 1629 1709 1662; x_wconf 86' lang='lat' dir='ltr'>mandauit</span> <span class='ocrx_word' id='word_1_279' title='bbox 1741 1634 1772 1662; x_wconf 82' lang='lat' dir='ltr'>et</span> <span class='ocrx_word' id='word_1_280' title='bbox 1802 1628 1883 1662; x_wconf 82' lang='lat' dir='ltr'>fecit</span> <span class='ocrx_word' id='word_1_281' title='bbox 1914 1628 1951 1661; x_wconf 88' lang='lat' dir='ltr'>ad</span> <span class='ocrx_word' id='word_1_282' title='bbox 1974 1633 2099 1662; x_wconf 83' lang='lat' dir='ltr'>certum</span> 
     </span>
     <span class='ocr_line' id='line_1_27' title="bbox 253 1688 2101 1737; baseline -0.003 -12"><span class='ocrx_word' id='word_1_283' title='bbox 253 1695 514 1737; x_wconf 87' lang='lat' dir='ltr'>peremptorium</span> <span class='ocrx_word' id='word_1_284' title='bbox 553 1695 726 1725; x_wconf 87' lang='lat' dir='ltr'>terminum</span> <span class='ocrx_word' id='word_1_285' title='bbox 764 1696 1009 1737; x_wconf 84' lang='lat' dir='ltr'>competentem</span> <span class='ocrx_word' id='word_1_286' title='bbox 1052 1690 1087 1724; x_wconf 91' lang='lat' dir='ltr'>In</span> <span class='ocrx_word' id='word_1_287' title='bbox 1130 1701 1193 1736; x_wconf 89' lang='lat' dir='ltr'>qno</span> <span class='ocrx_word' id='word_1_288' title='bbox 1223 1689 1497 1735; x_wconf 80' lang='lat' dir='ltr'>Compareutibus</span> <span class='ocrx_word' id='word_1_289' title='bbox 1542 1692 1571 1722; x_wconf 94' lang='lat' dir='ltr'>in</span> <span class='ocrx_word' id='word_1_290' title='bbox 1614 1689 1744 1723; x_wconf 67' lang='lat' dir='ltr'>judicio</span> <span class='ocrx_word' id='word_1_291' title='bbox 1788 1700 1899 1722; x_wconf 87' lang='lat' dir='ltr'>coram</span> <span class='ocrx_word' id='word_1_292' title='bbox 1942 1688 2101 1734; x_wconf 82' lang='lat' dir='ltr'>prelibato</span> 
     </span>
     <span class='ocr_line' id='line_1_28' title="bbox 253 1750 2098 1797; baseline -0.002 -13"><span class='ocrx_word' id='word_1_293' title='bbox 253 1752 386 1785; x_wconf 86' lang='lat' dir='ltr'>domino</span> <span class='ocrx_word' id='word_1_294' title='bbox 416 1751 587 1797; x_wconf 87' lang='lat' dir='ltr'>Stephano</span> <span class='ocrx_word' id='word_1_295' title='bbox 617 1752 781 1786; x_wconf 77' lang='lat' dir='ltr'>Auditor-e</span> <span class='ocrx_word' id='word_1_296' title='bbox 810 1751 964 1784; x_wconf 69' lang='lat' dir='ltr'>¹Iohanne</span> <span class='ocrx_word' id='word_1_297' title='bbox 1002 1751 1173 1796; x_wconf 88' lang='lat' dir='ltr'>principali</span> <span class='ocrx_word' id='word_1_298' title='bbox 1211 1750 1436 1796; x_wconf 87' lang='lat' dir='ltr'>principaliter</span> <span class='ocrx_word' id='word_1_299' title='bbox 1470 1761 1528 1795; x_wconf 89' lang='lat' dir='ltr'>pro</span> <span class='ocrx_word' id='word_1_300' title='bbox 1558 1760 1594 1782; x_wconf 80' lang='lat' dir='ltr'>se</span> <span class='ocrx_word' id='word_1_301' title='bbox 1624 1752 1693 1794; x_wconf 81' lang='lat' dir='ltr'>ipso</span> <span class='ocrx_word' id='word_1_302' title='bbox 1722 1752 1804 1782; x_wconf 86' lang='lat' dir='ltr'>citra</span> <span class='ocrx_word' id='word_1_303' title='bbox 1834 1753 1941 1781; x_wconf 81' lang='lat' dir='ltr'>tamen</span> <span class='ocrx_word' id='word_1_304' title='bbox 1971 1760 2098 1794; x_wconf 87' lang='lat' dir='ltr'>procu—</span> 
     </span>
     <span class='ocr_line' id='line_1_29' title="bbox 252 1808 2099 1857; baseline -0.002 -12"><span class='ocrx_word' id='word_1_305' title='bbox 252 1817 398 1845; x_wconf 90' lang='lat' dir='ltr'>ratorum</span> <span class='ocrx_word' id='word_1_306' title='bbox 424 1820 558 1846; x_wconf 89' lang='lat' dir='ltr'>suorum</span> <span class='ocrx_word' id='word_1_307' title='bbox 588 1812 858 1846; x_wconf 84' lang='lat' dir='ltr'>Reuocacionem</span> <span class='ocrx_word' id='word_1_308' title='bbox 888 1823 931 1845; x_wconf 79' lang='lat' dir='ltr'>ex</span> <span class='ocrx_word' id='word_1_309' title='bbox 960 1816 1055 1857; x_wconf 88' lang='lat' dir='ltr'>parte</span> <span class='ocrx_word' id='word_1_310' title='bbox 1084 1822 1149 1844; x_wconf 85' lang='lat' dir='ltr'>vna</span> <span class='ocrx_word' id='word_1_311' title='bbox 1179 1815 1210 1844; x_wconf 93' lang='lat' dir='ltr'>et</span> <span class='ocrx_word' id='word_1_312' title='bbox 1240 1811 1376 1844; x_wconf 86' lang='lat' dir='ltr'>henrico</span> <span class='ocrx_word' id='word_1_313' title='bbox 1409 1815 1628 1856; x_wconf 90' lang='lat' dir='ltr'>procuratore</span> <span class='ocrx_word' id='word_1_314' title='bbox 1649 1810 1807 1855; x_wconf 87' lang='lat' dir='ltr'>predictis</span> <span class='ocrx_word' id='word_1_315' title='bbox 1837 1808 2099 1842; x_wconf 69' lang='grc' dir='ltr'>(11010.Ιο111111111ι</span> 
     </span>
     <span class='ocr_line' id='line_1_30' title="bbox 252 1870 2097 1919; baseline -0.002 -13"><span class='ocrx_word' id='word_1_316' title='bbox 252 1872 426 1919; x_wconf 90' lang='lat' dir='ltr'>principali</span> <span class='ocrx_word' id='word_1_317' title='bbox 463 1876 579 1906; x_wconf 87' lang='lat' dir='ltr'>contra</span> <span class='ocrx_word' id='word_1_318' title='bbox 617 1873 728 1906; x_wconf 88' lang='lat' dir='ltr'>literas</span> <span class='ocrx_word' id='word_1_319' title='bbox 765 1877 796 1906; x_wconf 87' lang='lat' dir='ltr'>et</span> <span class='ocrx_word' id='word_1_320' title='bbox 825 1872 1047 1906; x_wconf 87' lang='lat' dir='ltr'>Instrumenta</span> <span class='ocrx_word' id='word_1_321' title='bbox 1082 1875 1215 1906; x_wconf 90' lang='lat' dir='ltr'>vnionis</span> <span class='ocrx_word' id='word_1_322' title='bbox 1252 1872 1400 1918; x_wconf 84' lang='lat' dir='ltr'>predicte</span> <span class='ocrx_word' id='word_1_323' title='bbox 1436 1871 1546 1904; x_wconf 89' lang='lat' dir='ltr'>ultimo</span> <span class='ocrx_word' id='word_1_324' title='bbox 1587 1870 1744 1915; x_wconf 87' lang='lat' dir='ltr'>producta</span> <span class='ocrx_word' id='word_1_325' title='bbox 1775 1870 1932 1915; x_wconf 85' lang='lat' dir='ltr'>quasdam</span> <span class='ocrx_word' id='word_1_326' title='bbox 1963 1880 2097 1915; x_wconf 80' lang='lat' dir='ltr'>excep—</span> 
     </span>
     <span class='ocr_line' id='line_1_31' title="bbox 252 1929 2099 1979; baseline -0.002 -13"><span class='ocrx_word' id='word_1_327' title='bbox 252 1936 368 1967; x_wconf 82' lang='lat' dir='ltr'>ciones</span> <span class='ocrx_word' id='word_1_328' title='bbox 398 1933 602 1979; x_wconf 88' lang='lat' dir='ltr'>producente</span> <span class='ocrx_word' id='word_1_329' title='bbox 638 1933 766 1979; x_wconf 86' lang='lat' dir='ltr'>prefato</span> <span class='ocrx_word' id='word_1_330' title='bbox 805 1944 885 1967; x_wconf 72' lang='lat' dir='ltr'>vcro</span> <span class='ocrx_word' id='word_1_331' title='bbox 914 1932 1076 1977; x_wconf 85' lang='lat' dir='ltr'>Magistro</span> <span class='ocrx_word' id='word_1_332' title='bbox 1114 1932 1249 1966; x_wconf 88' lang='lat' dir='ltr'>henrico</span> <span class='ocrx_word' id='word_1_333' title='bbox 1285 1935 1500 1978; x_wconf 84' lang='lat' dir='ltr'>procuratore</span> <span class='ocrx_word' id='word_1_334' title='bbox 1539 1942 1598 1976; x_wconf 86' lang='lat' dir='ltr'>pro</span> <span class='ocrx_word' id='word_1_335' title='bbox 1632 1935 1727 1976; x_wconf 86' lang='lat' dir='ltr'>parte</span> <span class='ocrx_word' id='word_1_336' title='bbox 1757 1942 1816 1964; x_wconf 90' lang='lat' dir='ltr'>sua</span> <span class='ocrx_word' id='word_1_337' title='bbox 1846 1930 2005 1976; x_wconf 88' lang='lat' dir='ltr'>quasdam</span> <span class='ocrx_word' id='word_1_338' title='bbox 2035 1929 2099 1963; x_wconf 84' lang='lat' dir='ltr'>de-</span> 
     </span>
     <span class='ocr_line' id='line_1_32' title="bbox 251 1990 2098 2039; baseline -0.002 -13"><span class='ocrx_word' id='word_1_339' title='bbox 251 1995 460 2028; x_wconf 85' lang='lat' dir='ltr'>claraciones</span> <span class='ocrx_word' id='word_1_340' title='bbox 490 1997 562 2027; x_wconf 88' lang='lat' dir='ltr'>siue</span> <span class='ocrx_word' id='word_1_341' title='bbox 591 1993 782 2027; x_wconf 89' lang='lat' dir='ltr'>addiciones</span> <span class='ocrx_word' id='word_1_342' title='bbox 812 1993 851 2026; x_wconf 91' lang='lat' dir='ltr'>ad</span> <span class='ocrx_word' id='word_1_343' title='bbox 882 1996 1071 2039; x_wconf 87' lang='lat' dir='ltr'>posiciones</span> <span class='ocrx_word' id='word_1_344' title='bbox 1101 1998 1133 2026; x_wconf 80' lang='lat' dir='ltr'>et</span> <span class='ocrx_word' id='word_1_345' title='bbox 1160 1993 1330 2027; x_wconf 79' lang='lat' dir='ltr'>Articulos</span> <span class='ocrx_word' id='word_1_346' title='bbox 1361 1995 1463 2037; x_wconf 82' lang='lat' dir='ltr'>partis</span> <span class='ocrx_word' id='word_1_347' title='bbox 1493 2002 1552 2025; x_wconf 87' lang='lat' dir='ltr'>sue</span> <span class='ocrx_word' id='word_1_348' title='bbox 1573 1994 1677 2024; x_wconf 88' lang='lat' dir='ltr'>eciam</span> <span class='ocrx_word' id='word_1_349' title='bbox 1698 1990 1876 2024; x_wconf 79' lang='lat' dir='ltr'>exhibente</span> <span class='ocrx_word' id='word_1_350' title='bbox 1897 1990 2098 2024; x_wconf 72' lang='lat' dir='ltr'>Memoratus</span> 
     </span>
     <span class='ocr_line' id='line_1_33' title="bbox 251 2050 2097 2100; baseline -0.002 -13"><span class='ocrx_word' id='word_1_351' title='bbox 251 2054 404 2088; x_wconf 88' lang='lat' dir='ltr'>dominus</span> <span class='ocrx_word' id='word_1_352' title='bbox 435 2054 625 2100; x_wconf 87' lang='lat' dir='ltr'>Stephanus</span> <span class='ocrx_word' id='word_1_353' title='bbox 654 2054 796 2088; x_wconf 91' lang='lat' dir='ltr'>Auditor</span> <span class='ocrx_word' id='word_1_354' title='bbox 825 2054 931 2088; x_wconf 90' lang='lat' dir='ltr'>eidem</span> <span class='ocrx_word' id='word_1_355' title='bbox 959 2054 1103 2087; x_wconf 82' lang='lat' dir='ltr'>Jolianni</span> <span class='ocrx_word' id='word_1_356' title='bbox 1133 2054 1304 2100; x_wconf 87' lang='lat' dir='ltr'>principali</span> <span class='ocrx_word' id='word_1_357' title='bbox 1335 2054 1482 2098; x_wconf 84' lang='lat' dir='ltr'>presenti</span> <span class='ocrx_word' id='word_1_358' title='bbox 1518 2051 1558 2083; x_wconf 86' lang='lat' dir='ltr'>ad</span> <span class='ocrx_word' id='word_1_359' title='bbox 1589 2050 1764 2084; x_wconf 83' lang='lat' dir='ltr'>(licendum</span> <span class='ocrx_word' id='word_1_360' title='bbox 1794 2054 1908 2084; x_wconf 89' lang='lat' dir='ltr'>contra</span> <span class='ocrx_word' id='word_1_361' title='bbox 1939 2050 2097 2083; x_wconf 87' lang='lat' dir='ltr'>declara-</span> 
     </span>
     <span class='ocr_line' id='line_1_34' title="bbox 254 2113 2095 2159; baseline -0.003 -11"><span class='ocrx_word' id='word_1_362' title='bbox 254 2117 368 2148; x_wconf 82' lang='lat' dir='ltr'>ciones</span> <span class='ocrx_word' id='word_1_363' title='bbox 399 2126 458 2148; x_wconf 88' lang='grc'><strong>5011</strong></span> <span class='ocrx_word' id='word_1_364' title='bbox 494 2114 686 2148; x_wconf 87' lang='lat' dir='ltr'>addiciones</span> <span class='ocrx_word' id='word_1_365' title='bbox 725 2114 910 2148; x_wconf 91' lang='lat' dir='ltr'>huiusmodi</span> <span class='ocrx_word' id='word_1_366' title='bbox 952 2114 1106 2159; x_wconf 90' lang='lat' dir='ltr'>quidquid</span> <span class='ocrx_word' id='word_1_367' title='bbox 1147 2114 1259 2148; x_wconf 87' lang='lat' dir='ltr'>dicere</span> <span class='ocrx_word' id='word_1_368' title='bbox 1302 2113 1402 2146; x_wconf 82' lang='lat' dir='ltr'>vellet</span> <span class='ocrx_word' id='word_1_369' title='bbox 1443 2116 1568 2145; x_wconf 89' lang='lat' dir='ltr'>certum</span> <span class='ocrx_word' id='word_1_370' title='bbox 1612 2114 1796 2156; x_wconf 85' lang='lat' dir='ltr'>assignauit</span> <span class='ocrx_word' id='word_1_371' title='bbox 1840 2113 2095 2156; x_wconf 86' lang='lat' dir='ltr'>peremptorium</span> 
     </span>
     <span class='ocr_line' id='line_1_35' title="bbox 252 2171 2094 2220; baseline -0.002 -13"><span class='ocrx_word' id='word_1_372' title='bbox 252 2179 495 2220; x_wconf 89' lang='lat' dir='ltr'>competentem</span> <span class='ocrx_word' id='word_1_373' title='bbox 531 2175 567 2209; x_wconf 91' lang='lat' dir='ltr'>In</span> <span class='ocrx_word' id='word_1_374' title='bbox 603 2187 666 2220; x_wconf 90' lang='lat' dir='ltr'>quo</span> <span class='ocrx_word' id='word_1_375' title='bbox 701 2174 968 2220; x_wconf 88' lang='lat' dir='ltr'>comparentibus</span> <span class='ocrx_word' id='word_1_376' title='bbox 1006 2178 1036 2208; x_wconf 91' lang='lat' dir='ltr'>iu</span> <span class='ocrx_word' id='word_1_377' title='bbox 1075 2174 1204 2208; x_wconf 90' lang='lat' dir='ltr'>Judicio</span> <span class='ocrx_word' id='word_1_378' title='bbox 1247 2185 1356 2208; x_wconf 88' lang='lat' dir='ltr'>corani</span> <span class='ocrx_word' id='word_1_379' title='bbox 1402 2173 1517 2206; x_wconf 84' lang='lat' dir='ltr'>eodem</span> <span class='ocrx_word' id='word_1_380' title='bbox 1555 2172 1686 2205; x_wconf 87' lang='lat' dir='ltr'>domino</span> <span class='ocrx_word' id='word_1_381' title='bbox 1723 2171 1892 2217; x_wconf 87' lang='lat' dir='ltr'>Stephano</span> <span class='ocrx_word' id='word_1_382' title='bbox 1930 2171 2094 2205; x_wconf 83' lang='lat' dir='ltr'>Auditore</span> 
     </span>
     <span class='ocr_line' id='line_1_36' title="bbox 251 2232 2095 2282; baseline -0.002 -14"><span class='ocrx_word' id='word_1_383' title='bbox 251 2235 406 2269; x_wconf 86' lang='lat' dir='ltr'>Johanne</span> <span class='ocrx_word' id='word_1_384' title='bbox 433 2236 605 2282; x_wconf 87' lang='lat' dir='ltr'>principali</span> <span class='ocrx_word' id='word_1_385' title='bbox 633 2238 714 2269; x_wconf 87' lang='lat' dir='ltr'>citra</span> <span class='ocrx_word' id='word_1_386' title='bbox 743 2235 1011 2269; x_wconf 85' lang='lat' dir='ltr'>Reuocacionem</span> <span class='ocrx_word' id='word_1_387' title='bbox 1042 2240 1295 2281; x_wconf 88' lang='lat' dir='ltr'>procuratorum</span> <span class='ocrx_word' id='word_1_388' title='bbox 1324 2244 1458 2268; x_wconf 88' lang='lat' dir='ltr'>suorum</span> <span class='ocrx_word' id='word_1_389' title='bbox 1479 2237 1510 2266; x_wconf 91' lang='lat' dir='ltr'>et</span> <span class='ocrx_word' id='word_1_390' title='bbox 1529 2232 1689 2277; x_wconf 86' lang='lat' dir='ltr'>Magistro</span> <span class='ocrx_word' id='word_1_391' title='bbox 1711 2233 1847 2266; x_wconf 87' lang='lat' dir='ltr'>henrico</span> <span class='ocrx_word' id='word_1_392' title='bbox 1877 2236 2095 2278; x_wconf 88' lang='lat' dir='ltr'>procuratore</span> 
     </span>
     <span class='ocr_line' id='line_1_37' title="bbox 252 2292 2096 2342; baseline -0.002 -13"><span class='ocrx_word' id='word_1_393' title='bbox 252 2296 412 2341; x_wconf 86' lang='lat' dir='ltr'>predictis</span> <span class='ocrx_word' id='word_1_394' title='bbox 442 2301 473 2330; x_wconf 90' lang='lat' dir='ltr'>et</span> <span class='ocrx_word' id='word_1_395' title='bbox 501 2308 560 2342; x_wconf 89' lang='lat' dir='ltr'>per</span> <span class='ocrx_word' id='word_1_396' title='bbox 596 2297 715 2330; x_wconf 88' lang='lat' dir='ltr'>dictum</span> <span class='ocrx_word' id='word_1_397' title='bbox 744 2295 931 2330; x_wconf 88' lang='lat' dir='ltr'>Johannem</span> <span class='ocrx_word' id='word_1_398' title='bbox 968 2297 1184 2342; x_wconf 87' lang='lat' dir='ltr'>principalem</span> <span class='ocrx_word' id='word_1_399' title='bbox 1221 2301 1336 2330; x_wconf 89' lang='lat' dir='ltr'>contra</span> <span class='ocrx_word' id='word_1_400' title='bbox 1373 2294 1625 2327; x_wconf 86' lang='lat' dir='ltr'>declaraciones</span> <span class='ocrx_word' id='word_1_401' title='bbox 1655 2296 1725 2327; x_wconf 86' lang='lat' dir='ltr'>siue</span> <span class='ocrx_word' id='word_1_402' title='bbox 1755 2293 1948 2327; x_wconf 86' lang='lat' dir='ltr'>addicioues</span> <span class='ocrx_word' id='word_1_403' title='bbox 1976 2292 2096 2326; x_wconf 86' lang='grc'><strong>11111115-</strong></span> 
     </span>
     <span class='ocr_line' id='line_1_38' title="bbox 254 2352 2093 2402; baseline -0.002 -13"><span class='ocrx_word' id='word_1_404' title='bbox 254 2357 343 2390; x_wconf 88' lang='lat' dir='ltr'>modi</span> <span class='ocrx_word' id='word_1_405' title='bbox 371 2357 537 2391; x_wconf 89' lang='lat' dir='ltr'>nonnullis</span> <span class='ocrx_word' id='word_1_406' title='bbox 566 2356 826 2402; x_wconf 81' lang='lat' dir='ltr'>excepcionibus</span> <span class='ocrx_word' id='word_1_407' title='bbox 856 2356 938 2390; x_wconf 86' lang='lat' dir='ltr'>datis</span> <span class='ocrx_word' id='word_1_408' title='bbox 967 2361 999 2390; x_wconf 87' lang='lat' dir='ltr'>et</span> <span class='ocrx_word' id='word_1_409' title='bbox 1028 2356 1068 2390; x_wconf 91' lang='lat' dir='ltr'>ad</span> <span class='ocrx_word' id='word_1_410' title='bbox 1097 2359 1324 2402; x_wconf 76' lang='lat' dir='ltr'>excepciones</span> <span class='ocrx_word' id='word_1_411' title='bbox 1355 2358 1443 2401; x_wconf 85' lang='lat' dir='ltr'>ipsas</span> <span class='ocrx_word' id='word_1_412' title='bbox 1472 2366 1531 2400; x_wconf 90' lang='lat' dir='ltr'>per</span> <span class='ocrx_word' id='word_1_413' title='bbox 1560 2355 1679 2388; x_wconf 85' lang='lat' dir='ltr'>(lictum</span> <span class='ocrx_word' id='word_1_414' title='bbox 1699 2353 1893 2398; x_wconf 81' lang='lat' dir='ltr'>Magistrum</span> <span class='ocrx_word' id='word_1_415' title='bbox 1923 2352 2093 2386; x_wconf 87' lang='lat' dir='ltr'>henricum</span> 
     </span>
     <span class='ocr_line' id='line_1_39' title="bbox 255 2414 2092 2463; baseline -0.003 -12"><span class='ocrx_word' id='word_1_416' title='bbox 255 2417 454 2451; x_wconf 88' lang='lat' dir='ltr'>uerbotenus</span> <span class='ocrx_word' id='word_1_417' title='bbox 483 2418 642 2463; x_wconf 87' lang='lat' dir='ltr'>replicato</span> <span class='ocrx_word' id='word_1_418' title='bbox 671 2418 776 2451; x_wconf 89' lang='lat' dir='ltr'>dictus</span> <span class='ocrx_word' id='word_1_419' title='bbox 806 2417 955 2450; x_wconf 89' lang='lat' dir='ltr'>dominus</span> <span class='ocrx_word' id='word_1_420' title='bbox 985 2417 1174 2463; x_wconf 88' lang='lat' dir='ltr'>Stephanus</span> <span class='ocrx_word' id='word_1_421' title='bbox 1190 2416 1333 2450; x_wconf 88' lang='lat' dir='ltr'>Auditor</span> <span class='ocrx_word' id='word_1_422' title='bbox 1361 2415 1401 2449; x_wconf 89' lang='lat' dir='ltr'>ad</span> <span class='ocrx_word' id='word_1_423' title='bbox 1431 2418 1626 2449; x_wconf 88' lang='lat' dir='ltr'>instanciam</span> <span class='ocrx_word' id='word_1_424' title='bbox 1655 2415 1771 2461; x_wconf 81' lang='lat' dir='ltr'>prefati</span> <span class='ocrx_word' id='word_1_425' title='bbox 1800 2414 1962 2448; x_wconf 81' lang='lat' dir='ltr'>Johannis</span> <span class='ocrx_word' id='word_1_426' title='bbox 1993 2417 2092 2459; x_wconf 86' lang='lat' dir='ltr'>prin-</span> 
     </span>
     <span class='ocr_line' id='line_1_40' title="bbox 253 2475 2094 2523; baseline -0.002 -13"><span class='ocrx_word' id='word_1_427' title='bbox 253 2478 369 2522; x_wconf 86' lang='lat' dir='ltr'>cipalis</span> <span class='ocrx_word' id='word_1_428' title='bbox 399 2478 540 2512; x_wconf 88' lang='lat' dir='ltr'>eundem</span> <span class='ocrx_word' id='word_1_429' title='bbox 568 2477 763 2522; x_wconf 79' lang='lat' dir='ltr'>Magistrum</span> <span class='ocrx_word' id='word_1_430' title='bbox 800 2477 970 2511; x_wconf 90' lang='lat' dir='ltr'>henricum</span> <span class='ocrx_word' id='word_1_431' title='bbox 1006 2482 1254 2523; x_wconf 88' lang='lat' dir='ltr'>procuratorem</span> <span class='ocrx_word' id='word_1_432' title='bbox 1291 2477 1330 2510; x_wconf 91' lang='lat' dir='ltr'>ad</span> <span class='ocrx_word' id='word_1_433' title='bbox 1365 2476 1613 2522; x_wconf 89' lang='lat' dir='ltr'>producendum</span> <span class='ocrx_word' id='word_1_434' title='bbox 1651 2476 1813 2522; x_wconf 88' lang='lat' dir='ltr'>quoddam</span> <span class='ocrx_word' id='word_1_435' title='bbox 1856 2475 2094 2520; x_wconf 81' lang='lat' dir='ltr'>appellacionis</span> 
     </span>
     <span class='ocr_line' id='line_1_41' title="bbox 253 2535 2094 2583; baseline -0.003 -11"><span class='ocrx_word' id='word_1_436' title='bbox 253 2537 416 2583; x_wconf 88' lang='lat' dir='ltr'>publicum</span> <span class='ocrx_word' id='word_1_437' title='bbox 446 2538 700 2572; x_wconf 89' lang='lat' dir='ltr'>Instrumentum</span> <span class='ocrx_word' id='word_1_438' title='bbox 730 2538 858 2572; x_wconf 84' lang='lat' dir='ltr'>faciens</span> <span class='ocrx_word' id='word_1_439' title='bbox 896 2543 928 2571; x_wconf 89' lang='lat' dir='ltr'>ut</span> <span class='ocrx_word' id='word_1_440' title='bbox 963 2538 1092 2572; x_wconf 86' lang='lat' dir='ltr'>dicebat</span> <span class='ocrx_word' id='word_1_441' title='bbox 1138 2538 1177 2571; x_wconf 91' lang='lat' dir='ltr'>ad</span> <span class='ocrx_word' id='word_1_442' title='bbox 1220 2537 1304 2571; x_wconf 84' lang='lat' dir='ltr'>hanc</span> <span class='ocrx_word' id='word_1_443' title='bbox 1346 2548 1478 2571; x_wconf 88' lang='lat' dir='ltr'>causam</span> <span class='ocrx_word' id='word_1_444' title='bbox 1522 2548 1581 2583; x_wconf 86' lang='lat' dir='ltr'>per</span> <span class='ocrx_word' id='word_1_445' title='bbox 1624 2541 1747 2569; x_wconf 86' lang='lat' dir='ltr'>certum</span> <span class='ocrx_word' id='word_1_446' title='bbox 1786 2535 1962 2570; x_wconf 89' lang='lat' dir='ltr'>Cursorem</span> <span class='ocrx_word' id='word_1_447' title='bbox 2002 2537 2094 2568; x_wconf 89' lang='lat' dir='ltr'>citari</span> 
     </span>
    </p>
   </div>
   <div class='ocr_carea' id='block_1_3' title="bbox 1892 2597 1948 2621">
    <p class='ocr_par' dir='ltr' id='par_1_3' title="bbox 1892 2597 1948 2621">
     <span class='ocr_line' id='line_1_42' title="bbox 1892 2597 1948 2621; baseline 0 0"><span class='ocrx_word' id='word_1_448' title='bbox 1892 2597 1948 2621; x_wconf 47' lang='grc' dir='ltr'>»Ξῖξ</span> 
     </span>
    </p>
   </div>
  </div>
 </body>
</html>
