2206 2735
1120 73 1190 107 ¹207

230 188 350 236 prefati
386 187 550 222 Johannis
586 188 778 233 principalis
816 188 846 220 in
883 186 967 219 dicta
1005 196 1106 220 causa
1143 185 1330 231 procedens
1367 185 1516 231 prefatos
1553 185 1716 220 Abbatem
1747 190 1778 219 et
1808 186 2015 220 Conuentum
2044 191 2074 220 et

226 260 343 284 omnes
373 249 455 282 alios
485 258 622 293 quorum
651 249 808 280 intererat
837 250 901 280 tam
931 248 1116 279 comuniter
1154 257 1250 290 quam
1295 245 1422 279 diuisim
1465 250 1496 279 et
1525 251 1760 292 procuratores
1802 258 1916 280 eorum
1960 250 1987 281 si
2022 250 2074 291 qui

229 313 344 344 essent
373 312 405 342 in
433 308 620 342 Romanam
658 309 782 340 curiam
818 316 878 352 pro
913 305 1038 339 eisdem
1074 306 1115 339 ad
1152 306 1327 340 dicendum
1356 305 1509 352 quidquid
1539 305 1651 339 dicere
1678 306 1804 340 vellent
1833 312 1947 341 contra
1978 317 2075 340 com-

229 373 422 404 missionem
451 367 602 409 eandem„
647 371 680 400 ut
722 368 981 412 pronunciarent
1010 365 1072 399 sibi
1103 369 1309 400 sentenciam
1352 371 1384 401 in
1420 365 1593 400 audiencia
1629 366 1757 411 publica
1794 367 1961 401 literarum
2000 367 2075 401 dicti

230 431 352 465 domini
380 438 467 475 pape
495 430 588 461 citari
618 427 784 462 mandauit
812 431 844 460 et
872 426 951 460 fecit
980 426 1018 460 ad
1048 431 1172 460 certum
1203 430 1460 474 peremptorium
1490 430 1666 460 terminum
1690 432 1933 473 competentem
1955 427 1990 462 In
2012 439 2076 474 quo

231 490 361 537 quidem
391 490 532 522 termino
562 487 767 533 Comparens
796 489 829 520 in
858 486 988 521 Judicio
1026 497 1138 520 coram
1169 487 1286 521 eodem
1317 488 1450 522 domino
1488 487 1659 533 Stephano
1698 488 1862 521 Auditore
1898 487 2076 523 Johannes

230 550 359 585 Alberti
387 549 582 594 principalis
611 547 801 594 sepedictus
831 547 1062 593 principaliter
1092 559 1152 593 pro
1189 559 1226 582 se
1263 552 1336 594 ipso
1373 551 1545 582 citatorum
1581 548 1802 594 predictorum
1838 559 1902 582 non
1933 560 2076 595 compa-

229 613 378 645 rencium
415 608 663 643 contumaciam
699 610 871 642 accusauit
907 610 1045 653 ipseque
1083 608 1122 641 ad
1159 608 1234 642 dicti
1262 609 1424 643 Johannis
1460 610 1651 655 principalis
1686 612 1882 643 instanciam
1912 609 2075 655 prefatum

231 670 399 705 Abbatem
430 674 462 703 et
491 668 697 703 Conuentum
728 673 759 702 et
788 678 905 702 omnes
935 667 1016 701 alios
1046 669 1254 714 supradictos
1293 673 1323 703 in
1352 670 1500 716 predicta
1530 670 1703 704 audiencia
1734 672 1838 716 primo
1869 670 2016 703 secundo
2045 675 2077 703 et

230 734 336 766 tercio
366 733 590 777 peremptorio
627 741 666 764 ac
695 733 811 775 quarto
846 740 892 762 ex
925 729 1126 763 habundanti
1165 730 1203 763 ad
1239 731 1403 764 maliciam
1432 730 1696 764 conuincendam
1728 734 1821 764 citari
1850 731 2016 764 mandauit
2045 736 2075 764 et

230 792 311 826 fecit
340 794 538 826 successiue
567 790 608 824 ad
636 789 883 836 procedendum
914 794 946 823 et
974 790 1109 835 procedi
1138 791 1316 825 videndum
1352 794 1383 824 in
1421 803 1521 825 causa
1554 791 1739 825 huiusmodi
1768 796 1865 837 prout
1894 796 1985 825 esset
2015 802 2075 824 ra-

230 856 337 887 cionis
366 863 439 886 cum
469 851 595 885 dierum
634 850 898 896 competentibus
937 852 1122 885 interuallis
1151 851 1186 885 In
1215 863 1350 898 quarum
1380 855 1579 886 citat-ionum
1611 852 1751 896 singulis
1780 855 1930 885 terminis
1960 852 2079 886 lmius-

230 913 318 947 modi
354 915 539 959 comparuit
580 914 613 945 in
651 910 782 945 Judicio
824 922 937 945 coram
979 911 1109 957 prefato
1152 912 1283 946 domino
1324 912 1494 958 Stephano
1531 912 1692 946 Auditore
1734 912 1907 946 Johannes
1950 912 2078 946 Alberti

232 974 425 1020 principalis
462 972 632 1018 predictus
670 972 898 1018 principaliter
935 983 994 1018 pro
1032 983 1069 1006 se
1098 976 1170 1018 ipso
1200 977 1232 1006 et
1260 975 1432 1007 citatorum
1463 973 1685 1018 predictorum
1714 983 1781 1006 non
1810 975 2079 1019 comparencium

233 1036 477 1069 contumaciam
515 1035 686 1067 accusauit
723 1037 754 1066 et
791 1032 830 1066 ad
862 1033 1009 1067 ciusdem
1039 1033 1200 1067 Johannis
1238 1034 1428 1080 principalis
1467 1036 1664 1067 instanciam
1701 1033 1786 1067 idem
1817 1033 1968 1068 dominus
1997 1033 2081 1066 Ste-

232 1095 361 1141 phanus
390 1094 534 1128 Auditor
561 1093 711 1140 prefatos
739 1092 906 1127 Abbatem
946 1098 976 1127 et
1011 1094 1219 1128 Conuentum
1253 1099 1286 1128 et
1321 1105 1438 1128 omnes
1476 1094 1558 1128 alios
1595 1094 1804 1140 supradictos
1834 1094 1872 1127 ad
1903 1093 2080 1127 videndum

232 1156 370 1202 produci
399 1166 438 1189 ea
471 1165 532 1201 per
560 1165 624 1199 que
652 1154 738 1188 idem
768 1154 942 1189 Johannes
972 1154 1115 1200 probare
1145 1155 1335 1189 intendebat
1364 1166 1497 1189 causam
1528 1155 1712 1189 huiusmodi
1734 1155 1806 1189 fore
1836 1155 1875 1188 ad
1896 1155 2079 1189 Romanam

233 1219 357 1250 curiam
386 1216 534 1260 legitime
563 1214 751 1248 deuolutam
788 1219 819 1248 et
854 1218 886 1248 in
923 1226 961 1248 ea
998 1218 1167 1249 terminari
1205 1220 1237 1249 et
1272 1216 1356 1249 liniri
1392 1215 1515 1249 debere
1544 1218 1575 1248 in
1605 1215 1751 1261 predicta
1782 1215 1955 1249 audiencia
1987 1218 2080 1249 citari

234 1276 401 1310 mandauit
440 1280 473 1309 et
506 1275 587 1309 fecit
622 1275 662 1309 ad
699 1280 827 1309 certum
862 1279 1119 1322 peremptorium
1159 1279 1334 1310 terminum
1372 1281 1616 1322 competentem
1653 1276 1689 1309 In
1728 1287 1791 1322 quo
1821 1287 2019 1323 comparens
2050 1279 2080 1310 in

233 1336 367 1371 ,Iudicio
410 1347 523 1370 coram
566 1336 684 1370 eodem
726 1336 860 1370 domino
904 1336 1075 1382 Stephano
1113 1337 1276 1372 Auditore
1310 1335 1481 1372 Johannes
1510 1337 1639 1371 Alberti
1680 1338 1872 1383 principalis
1914 1337 2081 1383 predictus

234 1398 462 1444 principaliter
499 1408 559 1443 pro
597 1408 634 1431 se
671 1400 743 1443 ipso
779 1400 952 1431 citatorum
990 1398 1212 1443 predictorum
1248 1409 1314 1432 non
1344 1400 1612 1444 comparencium
1643 1401 1881 1432 contumaciam
1913 1402 2083 1433 accusauit

235 1464 267 1492 et
295 1462 327 1492 in
356 1469 471 1492 eorum
501 1461 744 1492 contumaciam
774 1458 812 1491 ad
850 1458 1054 1504 probandam
1084 1470 1219 1493 causam
1248 1459 1436 1493 huiusmodi
1465 1458 1537 1493 sore
1567 1458 1605 1492 ad
1626 1459 1809 1492 Romanam
1840 1462 1963 1493 curiam
1993 1460 2083 1504 legi-

234 1524 311 1553 time
340 1519 528 1553 deuolutam
559 1523 591 1552 et
619 1520 651 1552 in
681 1518 797 1552 eadem
828 1522 996 1553 terminari
1032 1524 1064 1553 et
1101 1519 1185 1553 finiri
1214 1519 1338 1553 dehere
1367 1519 1529 1565 quoddam
1560 1519 1798 1565 appellacionis
1827 1519 1993 1565 publicum
2023 1520 2083 1553 In-

236 1584 456 1613 strumentum
485 1584 519 1613 ut
548 1581 652 1625 prima
682 1578 770 1612 facie
800 1579 980 1625 apparebat
1010 1580 1160 1614 exhiberi
1191 1583 1318 1614 curauit
1346 1580 1503 1626 Idemque
1540 1580 1693 1614 dominus
1723 1580 1913 1626 Stephanus
1941 1580 2086 1614 Auditor

236 1640 275 1674 ad
311 1643 415 1686 ipsius
452 1640 616 1674 Johannis
654 1640 847 1686 principalis
882 1643 1078 1675 instanciam
1115 1641 1251 1675 eosdem
1280 1640 1448 1675 Abbatem
1483 1646 1516 1675 et
1552 1641 1758 1675 Conuentum
1795 1646 1826 1674 et
1854 1652 1970 1676 omnes
2001 1643 2082 1676 alios

237 1701 446 1747 supradictos
481 1702 521 1734 ad
559 1701 735 1735 dicendum
772 1702 925 1746 quidquid
963 1702 1076 1736 dicere
1112 1702 1237 1736 vellent
1265 1707 1378 1736 contra
1409 1702 1529 1735 dictum
1559 1702 1796 1747 appellacionis
1826 1701 2082 1736 Instrumentum

236 1764 268 1795 in
297 1760 427 1807 prefata
455 1761 629 1795 audiencia
658 1765 753 1795 citari
783 1762 950 1795 mandauit
979 1767 1011 1795 et
1039 1762 1119 1796 fecit
1150 1763 1188 1796 ad
1219 1767 1343 1796 certum
1364 1765 1620 1808 peremptorium
1646 1765 1818 1796 terminum
1839 1768 2081 1809 competentem

236 1821 273 1856 lu
309 1833 373 1868 quo
409 1822 539 1868 quidem
575 1825 717 1856 termino
751 1833 950 1868 comparens
986 1826 1017 1857 in
1054 1823 1184 1857 Judicio
1221 1835 1330 1857 coram
1369 1823 1517 1869 predicto
1551 1822 1682 1857 domino
1719 1823 1889 1869 Stephano
1918 1823 2082 1858 Auditore

236 1882 410 1917 Johannes
448 1882 579 1916 Alberti
615 1884 810 1928 principalis
845 1883 1013 1928 predictus
1048 1885 1276 1930 principaliter
1308 1895 1367 1929 pro
1397 1895 1434 1918 se
1464 1887 1535 1929 ipso
1564 1886 1735 1917 citatorum
1764 1883 1986 1930 predictorum
2016 1895 2082 1918 non

237 1946 507 1988 comparencium
545 1947 785 1977 contumaciam
827 1947 998 1978 accusauit
1026 1949 1144 1990 petens
1181 1956 1240 1979 eos
1279 1947 1424 1991 reputari
1460 1948 1675 1977 contumaces
1710 1949 1741 1978 et
1778 1945 1895 1978 eodem
1929 1944 2082 1979 Johanne

236 2004 410 2050 principali
443 2007 589 2038 instante
627 2003 776 2050 prefatos
813 2004 978 2038 Abbatem
1018 2010 1050 2039 et
1079 2004 1286 2040 Conuentum
1315 2010 1347 2039 et
1375 2016 1491 2039 omnes
1521 2005 1602 2038 alios
1633 2005 1841 2051 supradictos
1872 2006 1909 2039 ad
1940 2005 2084 2040 audien-

238 2064 313 2098 dam
348 2064 556 2099 voluntatem
592 2075 651 2098 seu
687 2068 1007 2111 pronunciacionem
1042 2066 1117 2100 dicti
1152 2066 1274 2100 domini
1307 2065 1468 2112 Stephani
1503 2065 1675 2099 Auditoris
1704 2077 1803 2111 super
1832 2066 2082 2100 deuoluciouem

238 2125 424 2159 huiusmodi
453 2136 556 2159 cause
584 2128 679 2159 citari
708 2125 876 2160 mandauit
905 2132 937 2160 et
968 2126 1046 2161 fecit
1075 2127 1115 2160 ad
1145 2132 1269 2161 certam
1298 2129 1554 2173 peremptoriam
1584 2125 1668 2159 diem
1698 2126 1735 2159 In
1764 2138 1826 2172 qua
1856 2126 1908 2159 die
1939 2138 2082 2172 compa—

238 2188 301 2219 ruit
328 2188 361 2219 in
389 2185 527 2220 Judicio
557 2197 671 2220 coram
707 2186 837 2232 prefato
873 2187 1005 2222 domino
1034 2187 1202 2233 Stephano
1232 2187 1395 2221 Auditore
1422 2186 1595 2220 Johannes
1623 2187 1755 2220 Alberti
1783 2187 1974 2233 principalis
2001 2198 2084 2233 pre-

239 2246 343 2280 dictus
373 2247 601 2293 principaliter
637 2258 697 2293 pro
733 2259 771 2282 se
808 2251 880 2294 ipso
917 2253 949 2282 et
987 2252 1160 2282 citatorum
1197 2248 1420 2294 predictorum
1450 2258 1515 2281 non
1544 2251 1813 2293 compar-elicium
1843 2251 2083 2281 contumaciam

239 2310 413 2340 accusauit
441 2309 598 2353 ipsosque
626 2310 726 2353 peciit
754 2313 967 2343 contumaces
1006 2312 1149 2354 reputari
1185 2313 1216 2342 et
1249 2312 1281 2343 in
1319 2320 1432 2343 eorum
1462 2311 1703 2342 contumaciam
1732 2311 1830 2354 peciit
1872 2310 2083 2354 pronunciari

238 2377 298 2412 per
331 2367 476 2401 eundum
511 2368 679 2402 dominum
715 2368 925 2415 Stephanum
961 2370 1156 2403 Auditorem
1193 2380 1329 2403 causam
1364 2368 1549 2402 huiusmodi
1578 2368 1651 2402 fore
1679 2369 1718 2402 ad
1749 2369 1933 2403 Romanam
1962 2371 2084 2402 curiam

238 2426 385 2471 legitime
413 2427 598 2462 deuolutam
634 2433 666 2462 et
694 2429 778 2475 apud
808 2430 947 2464 eandem
989 2433 1157 2464 terminari
1200 2435 1232 2464 et
1272 2429 1359 2464 finiri
1394 2428 1518 2463 debere
1555 2429 1595 2462 de
1630 2432 1701 2463 iure
1739 2429 1897 2475 Idemque
1934 2429 2085 2463 dominus

240 2485 430 2533 Stephanus
465 2489 609 2524 Auditor
644 2489 793 2536 prefatos
823 2490 988 2524 Abbatem
1026 2496 1058 2525 et
1093 2490 1299 2525 Conuentum
1339 2495 1371 2524 et
1408 2501 1525 2524 omnes
1557 2490 1640 2524 alios
1669 2490 1876 2536 supradictos
1906 2493 2026 2524 citatos
2055 2495 2085 2523 et

236 2558 301 2582 non
337 2554 571 2595 comparentes
607 2549 718 2584 debite
756 2555 866 2585 tamen
906 2556 1103 2597 expectatos
1141 2556 1300 2597 reputans
1338 2562 1401 2597 quo
1437 2551 1477 2585 ad
1516 2555 1624 2585 actum
1652 2550 1839 2585 huiusmodi
1867 2555 1963 2597 prout
1992 2555 2085 2585 erant
