2206 2735
1068 44 1134 77 12⁰

177 158 238 189 loci
274 157 474 189 malumminat
513 158 779 188 reservationem
817 160 848 187 ct
881 155 1050 188 decretum
1089 155 1236 201 predicta
1271 160 1366 201 prout
1394 159 1554 190 asseritur
1583 159 1680 190 etiam
1710 158 1918 201 ignorantem
1948 158 2023 192 lieet

177 217 217 249 ilo»
255 217 340 249 facto
377 215 587 248 obtinuerunt
625 215 825 248 conlirmari.
861 215 1032 261 dictusqu«¹
1062 215 1179 249 Witko
1208 218 1327 259 vigore
1355 216 1528 251 electionis
1557 220 1589 250 et
1616 217 1874 252 confirmationis
1902 217 2022 252 liuius-

178 278 262 310 mmli
294 276 454 321 prefatum
486 275 689 309 Dccanatum
721 287 778 321 pcr
807 287 927 309 annum
957 280 989 309 et
1019 276 1102 309 ultra
1131 279 1234 310 tcnuit
1253 281 1462 322 occupatum.
1495 276 1562 311 Nos
1586 280 1686 322 igitur
1705 278 1915 313 attendentes
1936 278 2022 324 quod

177 338 356 370 clcctioncs
385 341 415 369 ct
446 336 714 370 confirmationes
757 336 904 381 predicte
933 341 965 370 et
995 337 1055 370 alia
1086 337 1161 370 inde
1191 341 1305 371 secuta
1336 336 1460 370 iuribus
1488 348 1553 371 non
1584 338 1807 372 subsistebant
1836 343 1933 384 prout
1960 350 2023 373 nec

177 397 371 430 <absis-tunt.
407 397 559 442 quodque
596 397 702 430 nullus
740 402 850 442 prctcr
888 409 947 429 nos
985 397 1044 430 bac
1081 400 1156 431 vicc
1191 398 1232 430 de
1262 397 1435 431 Det-anaia
1473 398 1622 442 predicto
1661 399 1840 444 disponere
1871 402 2022 445 potuerit,

177 469 283 502 neque
322 462 428 503 potest
468 463 702 490 reservatione
738 463 767 490 ct
803 458 938 490 dcci-cto
973 457 1213 491 obsistentibus
1251 458 1460 503 supradictis.
1518 458 1586 492 Nos
1622 460 1775 493 volentes
1814 464 1844 493 te
1874 459 2022 493 ciusdem

177 518 322 551 ecclesie
351 518 552 551 Canonicnm
585 520 822 562 premissorum
853 522 1043 551 meritorum
1076 521 1189 551 intuitu
1219 522 1252 551 et
1280 519 1547 552 consideratione
1566 520 1768 554 venerabilis
1791 521 1900 554 fratris
1921 522 2023 554 nostri

177 579 335 619 Quidonis
375 578 528 623 Episcopi
570 578 722 612 l‘ortncn.
763 590 820 624 pro
858 584 888 611 tc
926 579 1018 611 nobis
1048 590 1150 624 super
1179 578 1240 612 boc
1280 578 1444 612 humiliter
1472 579 1687 624 supplicantis
1717 583 1747 614 in
1778 583 1848 627 ipsa
1878 581 2022 614 ecclesia

176 640 314 685 :miplius
344 639 510 672 bonorare
541 638 662 683 tibique
691 642 831 676 gratiam
862 638 976 672 facere
1006 640 1186 684 specialem
1216 639 1378 684 prefatum
1400 639 1620 683 Dccanatum,
1650 643 1703 686 qui
1732 646 1828 687 prout
1858 641 2024 687 prefertur

176 700 320 744 dignitas
350 702 472 732 existit.
505 701 552 731 sic
583 704 770 733 vacantem.
801 710 874 732 enm
905 699 1058 732 omnibns
1088 699 1212 733 iuribus
1242 704 1273 733 et
1304 703 1511 745 pertinentiis
1531 702 1599 734 suis
1620 701 1801 746 apostolica
1831 702 2026 736 tibiaucto-

177 764 273 793 ritate
307 759 511 793 conserimus
545 764 577 792 et
615 759 656 792 de
692 759 745 793 illo
774 762 871 793 etiam
901 759 1128 805 providemus.
1185 760 1416 794 Decerncntes
1453 765 1547 806 prout
1576 765 1628 795 est
1655 764 1780 795 irritum
1810 766 1842 795 et
1870 765 1967 796 inane
1996 764 2023 795 si

174 831 273 854 secus
311 831 411 866 super
445 819 505 852 biis
543 831 560 852 a
595 831 758 865 quoquam
796 822 915 864 quavis
952 823 1148 853 auctoritate
1177 823 1323 854 scienter
1351 821 1404 855 vel
1434 824 1629 865 ignoranter
1657 826 1883 868 attemptatum
1911 822 2023 857 forsan

175 885 223 914 est
254 880 413 913 bactcnus
442 880 495 913 vel
525 882 700 924 contigerit
729 883 943 926 imposterum
974 884 1173 927 attemptari.
1208 881 1282 915 Non
1312 881 1517 917 obstantibus
1546 882 1805 929 quilniscumque
1834 885 1964 917 statutis
1993 887 2026 917 et

175 939 472 974 consuetudinilnis
510 943 610 986 ipsius
638 941 785 974 ecclesie
813 943 987 974 contrariis
1023 944 1206 975 iuramento
1235 942 1486 976 confirmatione
1522 944 1706 989 apostolica
1736 943 1788 977 vel
1818 954 2025 988 quacumque

174 1001 326 1034 firmitate
362 1000 423 1033 alia
453 999 626 1033 roboratis.
672 1000 739 1034 Aut
768 1003 794 1034 si
825 1001 922 1046 aliqui
952 1012 1051 1047 super
1079 1003 1326 1047 provisionibus
1356 1003 1416 1037 sibi
1446 1003 1606 1038 faciendis
1640 1004 1680 1038 de
1709 1004 1922 1049 dignitatibus
1951 1014 2026 1050 per-

173 1061 344 1095 sonatibus
382 1072 442 1094 seu
477 1060 595 1094 officiis
624 1063 656 1094 in
685 1061 770 1094 dicta
800 1061 946 1095 ecclesia
975 1063 1142 1107 speciales
1171 1064 1226 1097 vel
1255 1063 1296 1097 de
1324 1063 1496 1098 beneficiis
1526 1065 1765 1099 ecclesiasticis
1794 1067 1825 1098 in
1854 1064 1917 1098 illis
1946 1075 2029 1110 par-

174 1122 260 1155 tibus
289 1122 468 1166 generales
498 1121 585 1155 dicte
614 1121 705 1155 sedis
736 1122 788 1155 vel
818 1121 1002 1166 legatorum
1032 1125 1103 1157 eius
1134 1124 1260 1158 litteras
1289 1126 1508 1170 impetrarint‚
1538 1127 1666 1158 etiamsi
1696 1136 1756 1170 per
1783 1135 1841 1158 eas
1870 1125 1908 1158 ad
1938 1124 2029 1159 inbi-

173 1183 329 1216 bitionem
367 1185 632 1216 reservationem
667 1187 699 1216 et
736 1182 904 1216 decretum
945 1184 998 1216 vel
1028 1184 1112 1217 alias
1141 1183 1386 1230 quomodolibet
1413 1188 1455 1219 sit
1482 1196 1692 1230 processum,
1731 1184 1848 1230 quibus
1876 1185 2029 1221 omnibus

174 1247 206 1277 in
236 1245 453 1276 assecutione
483 1242 673 1277 Decanalus
701 1243 839 1288 predicti
870 1243 1022 1278 volumus
1051 1244 1224 1280 anteferri.
1260 1244 1328 1279 Sed
1357 1245 1478 1279 nullum
1508 1257 1567 1292 per
1596 1245 1659 1280 hoc
1686 1249 1735 1280 eis
1763 1256 1828 1291 quo
1856 1246 1895 1280 ad
1924 1257 2027 1280 asse-

172 1306 338 1337 cutionem
369 1302 563 1348 dignitatum
594 1308 831 1349 personatuum
860 1315 919 1338 seu
949 1303 1132 1339 officiorum
1162 1311 1217 1339 aut
1245 1305 1484 1340 beneficiorum
1514 1307 1651 1340 aliorum
1673 1307 1887 1353 prciudicium
1915 1317 2029 1351 gene-

173 1367 251 1398 rari.
282 1364 350 1397 Aut
379 1362 408 1398 si
439 1363 622 1398 venerabili
652 1364 744 1398 fratri
772 1369 887 1398 nostro
910 1392 916 1398 .
938 1392 945 1399 .
967 1364 1136 1412 Episcopo
1158 1366 1356 1401 Olomucen.
1378 1372 1410 1401 et
1431 1367 1581 1413 Capitulo
1603 1367 1759 1413 predictis
1779 1368 1832 1401 vel
1853 1366 2027 1413 quibusvis

175 1425 247 1459 aliis
276 1427 495 1458 communiter
528 1425 582 1458 vel
620 1425 751 1459 divisim
792 1425 832 1459 ab
868 1426 985 1460 eadem
1015 1429 1055 1460 sit
1083 1426 1165 1460 sede
1195 1427 1353 1461 indultum
1384 1427 1468 1472 quod
1500 1427 1538 1460 ad
1569 1429 1794 1473 receptionem
1825 1428 1878 1461 vel
1907 1431 2026 1474 provi-

175 1490 302 1520 sionem
338 1486 475 1519 alicuius
515 1489 646 1520 minime
686 1491 862 1520 teneantur
899 1491 932 1520 et
967 1487 1006 1521 ad
1043 1487 1073 1520 id
1111 1488 1263 1533 compelli
1302 1499 1366 1521 non
1406 1491 1546 1534 possint.
1586 1488 1738 1533 quodque
1771 1488 1811 1521 de
1840 1488 2025 1522 huiusmodi

178 1546 390 1591 dignitatibus
427 1547 661 1592 personatibus
697 1558 757 1581 seu
793 1548 912 1581 officiis
948 1553 1003 1582 aut
1037 1548 1108 1581 aliis
1137 1548 1307 1582 beneficiis
1336 1549 1574 1581 ecclesiasticis
1604 1548 1642 1581 ad
1673 1559 1785 1582 eorum
1815 1548 2025 1582 collationem

178 1610 405 1653 provisionem
440 1618 499 1640 seu
534 1610 684 1653 quamvis
724 1608 819 1641 aliam
856 1608 1107 1654 dispositionem
1141 1611 1341 1643 coniunctim
1378 1609 1432 1643 vel
1471 1612 1649 1655 separatim
1686 1608 1912 1655 spectantibus
1947 1609 2025 1643 nulli

178 1667 285 1701 valeat
314 1667 481 1714 provideri
512 1679 571 1714 per
600 1669 726 1702 litteras
756 1669 956 1715 apostolicas
985 1680 1050 1703 non
1079 1668 1239 1703 facientes
1268 1670 1397 1715 plenam
1427 1675 1459 1703 et
1487 1680 1683 1715 expressam
1713 1681 1752 1703 ac
1781 1670 1821 1703 de
1849 1669 1954 1704 verbo
1983 1669 2024 1703 ad

177 1728 316 1762 verbum
346 1729 387 1762 de
417 1729 539 1762 indulto
570 1729 753 1763 huiusmodi
783 1733 994 1764 mentionem.
1025 1735 1058 1763 et
1086 1730 1229 1776 qualibet
1257 1730 1318 1763 alia
1348 1731 1433 1763 dicte
1462 1730 1551 1763 sedis
1575 1730 1777 1775 indulgentia
1798 1730 1948 1775 generali
1970 1731 2022 1764 vel

178 1789 314 1834 speciali
344 1792 581 1835 cuiuscumque
610 1793 735 1823 tenoris
765 1793 886 1824 existat
915 1802 974 1836 per
1003 1801 1097 1836 quam
1127 1790 1337 1836 presentibus
1366 1801 1430 1824 non
1460 1801 1656 1836 expressam
1692 1790 1746 1824 vel
1782 1791 1924 1824 totaliter
1956 1800 2022 1824 non

179 1854 335 1883 insertam
364 1850 502 1884 effeetus
533 1850 717 1884 huiusmodi
746 1856 860 1885 nostre
888 1854 995 1896 gratie
1024 1851 1172 1896 impediri
1203 1851 1311 1885 valeat
1339 1850 1583 1896 quomodolibet
1612 1851 1665 1884 vel
1686 1851 1820 1888 dill'erri,
1850 1850 1941 1884 etde
1960 1861 2023 1895 qua

178 1913 339 1955 cuiusque
374 1915 440 1944 toto
477 1915 591 1945 tenore
628 1910 779 1945 habenda
817 1914 858 1945 sit
892 1915 924 1946 in
961 1915 1092 1946 nostris·
1112 1911 1229 1945 litteris
1258 1914 1380 1945 mentio
1409 1912 1574 1957 specialis.
1631 1912 1699 1945 Aut
1729 1914 1756 1945 si
1786 1922 1927 1957 presens
1956 1922 2021 1945 non

179 1970 282 2004 fueris
312 1971 351 2004 ad
379 1971 591 2016 prestandum
621 1970 662 2004 de
689 1971 912 2005 observandis
942 1975 1070 2006 statutis
1100 1978 1132 2007 et
1160 1972 1456 2006 consuetudinibus
1490 1975 1592 2018 ipsius
1621 1972 1765 2006 ecclesie
1793 1975 1920 2006 ratione
1949 1972 2024 2006 De-

179 2036 315 2065 eanatus
352 2031 490 2077 predicti
530 2032 659 2065 solitum
694 2035 925 2075 iuramentum.
966 2033 1141 2067 dummodo
1170 2036 1201 2067 in
1231 2033 1377 2067 absentia
1406 2038 1460 2067 tua
1489 2044 1549 2079 per
1577 2037 1825 2079 procuratorem
1854 2033 2021 2079 ydoneum

180 2096 213 2125 et
241 2103 314 2125 eum
343 2092 382 2126 ad
412 2093 589 2126 ecclesiam
619 2095 723 2138 ipsam
753 2097 940 2128 accesseris
968 2095 1187 2140 corporaliter
1214 2093 1290 2127 illud
1319 2098 1462 2139 prestes.
1520 2094 1587 2127 Seu
1625 2093 1709 2139 quod
1743 2095 1775 2126 in
1803 2093 1918 2127 eadem
1947 2103 2021 2127 cum

182 2152 348 2197 prebenda
386 2157 418 2186 et
456 2155 487 2186 in
518 2152 658 2197 Pragen.
689 2154 844 2188 ecclesiis
873 2154 933 2188 sub
963 2158 1196 2200 expectatione
1224 2154 1393 2200 prebende
1423 2154 1647 2188 Canonicatus
1676 2156 1829 2187 nosceris
1858 2153 2020 2188 obtinere.

184 2212 266 2246 Nulli
301 2224 384 2257 ergo
420 2218 482 2247 etc.
523 2218 635 2247 nostre
673 2215 861 2248 collationis
890 2218 1090 2260 provisionis
1119 2217 1363 2249 constitutionis
1392 2218 1426 2248 et
1456 2214 1633 2248 voluntatis
1669 2212 1851 2257 infringere
1879 2218 1943 2248 etc.
1976 2234 2018 2238 ——

184 2273 300 2306 Datum
334 2274 499 2307 Avinione
530 2273 622 2307 VIIIl
653 2274 820 2308 Kalendas
849 2274 926 2309 Maii
957 2276 1056 2309 Anno
1086 2275 1234 2309 Decimo.

489 2353 561 2383 (Ans
588 2353 640 2377 den
667 2353 745 2383 orig.
775 2354 890 2388 aegest.
916 2353 1047 2379 Clemens
1063 2355 1121 2388 Vt,
1145 2363 1180 2379 an
1208 2355 1240 2378 X.
1275 2353 1320 2379 lib.
1337 2354 1367 2379 ll.
1394 2353 1538 2387 opistffz’,
1565 2362 1590 2387 p.
1607 2353 1681 2380 1083
1708 2353 1850 2379 vidimirte
1875 2353 2023 2379 Absebrift

593 2405 628 2430 im
655 2405 741 2431 mfilir.
769 2406 1024 2442 Lanuesarehive.)
