2206 2735
1094 61 1142 96 83

199 170 250 204 dia
278 174 465 216 proueni1·c‚
497 175 529 205 vt
558 183 596 205 ea
626 182 689 217 que
717 171 756 204 ad
787 198 795 206 .
826 198 832 204 .
865 199 871 204 .
902 182 1002 218 opera
1031 175 1251 207 instauramus
1278 176 1311 206 et
1340 173 1614 219 multiplicationis
1634 176 1907 208 sustentationem
1928 172 2036 206 deuo-

199 236 302 265 tarum
340 242 557 277 personarum
594 242 634 265 ac
670 242 848 276 pauperum
887 231 1006 266 Christi
1042 234 1073 265 in
1113 244 1248 278 quorum
1295 236 1409 279 specie
1447 236 1551 279 ipsum
1588 234 1744 268 christum
1783 238 1968 268 sustentare
2006 238 2035 266 ct

198 292 313 325 l'ouerc
341 293 500 335 uidemur,
530 295 711 337 eterneque
739 293 844 336 glorie
872 293 1034 326 cumulum
1065 293 1282 339 multiplicare
1311 294 1342 328 in
1371 294 1700 339 augmentacionilms
1737 294 1922 328 huiusmodi
1960 296 2035 327 eui-

198 352 390 387 dentissime
424 351 589 385 credimus
628 356 660 385 et
697 363 880 397 speramus„
918 352 1107 399 Eupropter
1142 353 1182 387 ad
1220 356 1447 388 vniuersorum
1484 357 1638 388 noticiam
1673 355 1822 389 volumus
1860 356 2034 399 peruenire

197 413 282 457 quod
311 416 483 458 cupientes
513 412 666 457 hospitali
696 416 800 447 sancti
829 413 959 457 nicolaij
990 424 1048 458 pre
1076 413 1200 448 foribus
1229 417 1370 448 ciuitatis
1399 419 1513 448 nostre
1541 418 1683 461 oppauie
1718 427 1780 460 que
1815 419 1927 448 nostre
1955 414 2035 448 sun-

197 474 337 507 dationis
366 475 558 518 principium
588 483 667 507 esse
694 473 824 506 uidetur
852 473 905 516 (‘?)
934 478 966 506 et
993 473 1171 518 benignum
1201 479 1348 509 nostrum
1378 474 1530 508 affectum
1556 478 1726 520 respicere
1747 478 2035 519 augmentat-ioni-

198 534 256 568 bus
284 538 315 567 et
343 536 555 566 incrementis
584 538 616 567 ut
651 544 691 567 eo
729 534 844 567 melius
880 538 912 567 et
946 537 1132 580 protensius
1169 535 1279 569 diuino
1317 538 1459 569 seruicio
1494 540 1527 569 et
1560 540 1819 569 sustentamento
1857 547 2034 580 pauperum

197 594 395 628 infirmorum
425 593 502 627 inibi
532 593 729 638 degencium
758 594 970 639 prouidentur
998 597 1201 640 inposterum
1230 596 1441 630 effectuosius
1470 596 1658 642 prouidere,
1697 596 1847 629 allodium
1888 600 2032 629 nostrum

196 654 313 688 dudum
343 665 538 700 possessum
567 659 599 688 et
628 654 733 688 adbuc
768 654 808 687 ad
847 659 994 700 tempora
1030 659 1095 690 uite
1130 667 1189 702 per
1224 659 1415 701 magistrum
1455 656 1658 690 Waltlierum
1695 661 1843 690 nostrum
1878 656 2031 690 iudicium

195 715 378 748 diuturnum
417 714 544 748 fidelem
581 720 614 749 et
649 718 779 749 sincere
815 714 969 749 dilectum
1014 716 1248 762 possidendum
1285 720 1317 751 in
1354 717 1429 751 uilla
1467 717 1700 763 Kylessowicz
1735 721 1810 750 ante
1845 716 2030 762 preurbium

194 775 279 808 dicte
308 778 449 809 ciuitatis
478 776 628 821 Oppauie
655 778 805 809 situatum
836 787 909 809 cum
939 776 1089 810 omuibus
1118 779 1332 822 pertinencijs
1361 782 1394 811 et
1427 777 1601 823 appendijs
1639 780 1707 811 suis
1741 776 2031 822 Inquibuscunquc

194 835 291 869 rebus
320 838 518 878 consistunt,
548 839 602 869 aut
630 846 826 880 quocunque
855 839 986 870 nomine
1015 842 1216 871 censeantur
1244 842 1341 883 prout
1368 838 1472 871 dictus
1493 841 1652 882 magister
1671 837 1864 882 Waltgerus
1893 842 2030 870 actenus

191 896 311 929 dictum
342 896 492 929 allodium
530 899 618 929 rexit
656 899 757 929 tenuit
795 900 826 929 et
863 897 1010 942 possedit
1047 897 1132 931 dicto
1170 898 1321 944 hospitali
1359 901 1463 932 sancti
1503 897 1629 932 'Nicolai
1665 909 1723 943 pro
1760 902 1870 931 nostra
1908 897 2033 942 prede-

189 967 363 989 cessorum
394 967 433 989 ac
461 967 696 990 successorum
726 961 911 990 nostrorum
941 959 1122 991 animarum
1152 958 1257 991 salute
1286 962 1318 991 et
1345 962 1460 991 eterno
1480 962 1675 992 testamento
1696 958 1809 991 danius
1830 956 2032 991 conferimus

190 1016 367 1050 liberaliter
396 1021 427 1049 ct
455 1016 615 1050 donamus
644 1020 706 1062 ipsi
737 1016 888 1062 hospitali
909 1018 1029 1051 dictum
1050 1018 1202 1051 allodium
1224 1018 1263 1052 ad
1285 1018 1447 1052 dunantes
1468 1023 1498 1051 et
1520 1021 1747 1064 inperpetuum
1769 1021 2031 1063 incorporantes.

191 1088 263 1110 cum
293 1077 470 1111 heredibus
507 1082 538 1111 et
577 1077 830 1111 successoribus
874 1080 996 1111 nostris
1030 1081 1062 1112 in
1097 1089 1197 1112 evum
1232 1082 1340 1112 onmia
1377 1078 1535 1125 prelibata
1570 1083 1662 1123 grata
1701 1083 1732 1111 et
1767 1083 1834 1111 rata
1871 1077 2030 1111 hahentes

189 1138 286 1183 plena
315 1141 510 1172 auctoritate
539 1142 571 1171 et
600 1143 738 1171 excerta
768 1143 880 1171 nostra
911 1141 1058 1172 sciencia
1088 1139 1279 1184 aprobando
1317 1139 1485 1173 liberalius
1523 1139 1778 1172 confirmantes.
1819 1137 1930 1171 barum
1968 1149 2032 1170 no-

188 1202 328 1232 strarum
358 1202 545 1233 testimonio
575 1198 691 1244 quibus
720 1199 827 1243 sigilla
856 1203 969 1232 nostra
999 1204 1074 1232 sunt
1094 1210 1240 1246 appensa
1269 1200 1461 1233 litterarum.
1492 1199 1610 1232 Datum
1633 1198 1783 1245 Oppauie
1804 1209 1890 1232 anno
1910 1198 2030 1231 domun

189 1259 360 1293 millesimo
404 1262 639 1293 trecentesimo
681 1262 955 1304 quinquagesimo
997 1263 1102 1305 primo
1136 1263 1167 1294 in
1211 1260 1263 1293 die
1304 1259 1391 1293 beati
1429 1259 1535 1304 Egidij
1573 1259 1778 1292 confessoris
1816 1258 2028 1304 lupi-oseneia

188 1319 381 1366 Heynconis
410 1319 450 1353 de
478 1319 620 1353 Zubsicz
649 1319 702 1365 (1²)
733 1320 903 1353 Alsiconis
933 1319 973 1353 (le
1001 1319 1198 1366 Fulnsteyn.
1229 1319 1365 1354 Henrici
1394 1320 1469 1353 (licii
1500 1319 1623 1353 boberk
1665 1324 1695 1352 et
1726 1319 1914 1352 Frauczisci
1951 1330 2030 1351 re(—

186 1383 266 1413 toris
296 1382 441 1414 ecclesie
470 1383 599 1424 ingretz
628 1380 863 1427 prothonotarij
894 1383 996 1414 nostri
1025 1385 1056 1414 et
1085 1381 1297 1427 plurimorum
1327 1380 1564 1425 fidedignorum
1600 1383 1742 1413 uirorum
1774 1382 2027 1412 intestimonium

188 1444 329 1474 omnium
360 1444 607 1486 premissorum.

492 1518 653 1556 (Absehrift
676 1528 727 1546 aus
751 1520 814 1545 dom
841 1520 919 1553 wrig.
943 1520 970 1545 in
995 1520 1045 1546 ‹ler
1071 1520 1135 1545 Boc.
1161 1519 1296 1554 Sammlg.
1322 1520 1372 1547 Nr.
1398 1520 1479 1545 3289
1505 1519 1540 1544 im
1567 1516 1823 1554 Landosarcbivn.)

1062 1683 1163 1719 115.

186 1774 321 1807 Jnlmme
352 1773 538 1819 Marlcqras
558 1786 623 1809 von
650 1775 795 1809 Ma'lcren
823 1779 964 1809 ernennt
991 1776 1053 1809 den
1083 1776 1213 1809 Rector
1241 1775 1301 1808 der
1328 1773 1457 1807 Isz'rclce
1491 1775 1524 1806 in
1555 1773 1662 1806 Grata
1697 1771 1751 1804 bei
1789 1770 1946 1814 Troppau
1984 1782 2025 1802 :aa

586 1837 712 1869 semem
739 1835 941 1880 Kapellane.
972 1835 1028 1869 Dt.
1061 1835 1192 1869 Olmu‘tz
1219 1836 1253 1869 5.
1286 1833 1486 1879 September
1516 1833 1626 1867 1351.

340 1909 533 1964 Johannes
561 1930 623 1964 Dei
651 1934 765 1976 gracia
794 1930 942 1965 Marchio
970 1930 1122 1964 Morauie
1150 1930 1293 1964 honesto
1320 1932 1394 1964 viro
1425 1928 1604 1963 Francisco
1634 1926 1773 1960 Cristani
1811 1928 1931 1959 rectori
1961 1937 2023 1958 ec-

186 1990 289 2023 clesie
318 1993 348 2024 in
379 1989 488 2023 Grecz
516 2001 619 2035 prope
649 1989 832 2036 Oppauiam
863 1991 1006 2025 diocesis
1030 1990 1263 2025 Olomucensis
1293 1992 1402 2025 soceri
1431 1991 1532 2023 nostri
1563 1987 1725 2021 karissimi
1756 1986 1875 2019 domini
1896 1985 2022 2019 Nicolai

187 2050 335 2096 Oppauie
365 2055 397 2084 et
425 2050 610 2096 Ratyborie
647 2050 738 2085 ducis
773 2051 907 2086 illustris
952 2051 1199 2097 prothonotario
1241 2055 1273 2085 et
1307 2050 1478 2096 capellano
1520 2048 1705 2093 deuotoque
1749 2050 1862 2080 nostro
1904 2045 2022 2078 dilecto

185 2113 332 2155 graciam
361 2122 451 2145 suam
482 2115 514 2144 et
541 2110 659 2145 bonam
688 2111 900 2146 voluntatem.
932 2111 1066 2146 Gratum
1096 2115 1286 2146 sencientes
1315 2110 1356 2144 de
1384 2109 1469 2143 fama
1498 2113 1552 2142 tue
1581 2108 1773 2141 deuocionis
1793 2111 1824 2139 et
1843 2105 2021 2149 legalitatis

186 2171 320 2205 odorem
358 2171 491 2216 dignum
524 2171 690 2214 duximus,
727 2175 763 2205 vt
799 2183 975 2217 personam
1012 2177 1099 2207 tuam
1132 2175 1290 2216 congruis
1325 2172 1555 2217 pre-ueniamus
1590 2167 1770 2201 bonoribus
1806 2171 1839 2199 et
1867 2170 2020 2211 speciale:

186 2231 379 2266 dileccionis
416 2232 520 2277 tytulo
557 2234 767 2277 premiemus.
822 2231 865 2265 Vt
900 2235 999 2277 igitur
1036 2238 1090 2267 tue
1124 2232 1317 2266 deuocionis
1353 2241 1433 2274 erga
1462 2240 1523 2263 nos
1553 2233 1643 2262 tanto
1672 2227 1861 2261 feruencior
1889 2230 2021 2258 crescat

187 2292 335 2328 affeccio.
369 2297 492 2338 quanto
528 2296 561 2326 te
599 2295 700 2326 nostri
738 2291 862 2326 fauoris
896 2295 1078 2339 patrocinio
1114 2295 1261 2327 senseris
1289 2293 1491 2335 insignitum,
1522 2294 1553 2323 te
1581 2291 1612 2322 in
1641 2288 1843 2333 capellanum
1873 2290 2018 2319 nostrum

188 2355 363 2398 recipimus
399 2357 432 2386 et
466 2352 710 2398 capellanorum
748 2357 936 2387 nostrorum
971 2354 1114 2398 collegio
1148 2356 1313 2387 sociamus
1340 2351 1493 2385 volentes
1521 2354 1557 2383 vt
1584 2349 1742 2394 deinceps
1770 2351 1883 2381 nostre
1912 2345 2018 2378 celsi-

187 2412 305 2447 tudinis
342 2413 491 2448 suffultus
519 2412 718 2448 -vmbraculo
755 2413 906 2448 omnibus
935 2414 1057 2448 iuribus
1086 2418 1118 2448 et
1144 2415 1266 2458 graciis
1295 2410 1411 2458 quihus
1438 2410 1490 2444 alii
1518 2411 1621 2443 nostri
1649 2408 1812 2454 capellani
1842 2406 1915 2439 freti
1944 2410 2019 2438 sunt

187 2478 323 2508 actenus
351 2479 382 2508 et
410 2474 559 2510 fruuntur
587 2479 621 2509 et
646 2478 710 2510 iam
737 2475 887 2520 gaudeas
915 2478 946 2509 in
976 2479 1073 2508 antea
1100 2478 1132 2508 et
1160 2475 1263 2508 vtaris
1292 2476 1324 2506 et
1351 2470 1390 2505 ad
1410 2473 1566 2504 maiorem
1587 2473 1698 2503 nostre
1717 2469 1832 2512 gracie
1852 2465 2013 2499 cumulum

187 2539 257 2568 tuos
285 2539 316 2568 et
345 2533 503 2569 bonorum
532 2535 677 2570 ecclesie
705 2540 760 2570 tue
787 2535 936 2581 predicte
964 2534 1164 2570 Greczensis
1192 2538 1225 2567 et
1251 2534 1422 2579 potissime
1455 2534 1486 2565 in
1516 2530 1610 2564 bonis
1638 2529 1714 2563 ville
1742 2527 1785 2560 W
1792 2536 2015 2560 aczenowicz>w

1859 2586 1914 2612 11*
