2206 2735
1127 68 1171 97 ‚35

1111 170 1184 206 δῖ.

221 247 357 282 ,ΙοΙιαηη
377 248 566 293 Marquaf
587 258 651 281 von
671 248 814 282 Ms'iltren
842 251 1008 294 qestatlel
1037 249 1099 281 den
1130 248 1268 292 Iylcmer
1288 247 1456 292 Bilryeru.
1478 250 1511 281 in-
1531 248 1624 281 ihrer
1648 249 1839 294 Umqebemy
1859 251 1913 283 die
1933 250 2070 295 Buryen

460 308 528 341 med
563 307 683 341 Veslen
713 309 773 341 der
803 308 1118 352 Laredessclu'idiqer
1147 320 1186 342 zu
1216 312 1402 342 z-erstoren.
1434 308 1493 342 Dt.
1527 308 1583 343 12.
1612 309 1696 342 Jemz'
1724 310 1833 344 1351.

386 383 583 437 Johannes
614 403 674 437 Dei
696 404 816 437 Gracia
836 402 983 437 Marcbio
1012 401 1168 436 Morauie
1200 403 1308 436 dudici
1337 408 1368 437 et
1395 404 1517 438 sui-aus
1551 407 1675 450 totique
1710 408 1914 440 uniuersitati
1943 407 2069 441 Uinium

222 463 370 497 Ciuitatis
404 468 520 498 nostre
558 463 757 508 Iglauiensis
793 463 946 497 Graciain
983 474 1057 496 cum
1095 463 1298 509 plenitudine
1332 463 1468 498 fauoris.
1507 463 1597 498 Inter
1631 469 1743 499 cetera
1782 465 1898 511 quibus
1934 470 2070 501 materia

221 526 441 569 cogitacionis
471 527 599 570 pectori
629 529 744 559 nostro
772 524 964 566 infunditur,
1000 523 1077 558 illud
1106 529 1215 558 tamen
1245 524 1510 559 consideracioni
1539 529 1653 559 nostre
1689 530 1833 560 occurrit
1867 529 2069 573 precipuum,

221 584 369 626 Qualiter
397 583 458 619 sub
487 589 600 619 nostro
637 588 799 630 regimine
835 584 973 618 feliciter
1011 596 1094 631 pace
1131 584 1342 631 perfruamur
1376 590 1408 619 et
1442 586 1674 632 tranquillitate
1708 591 1853 632 sperata.
1899 587 2068 622 Informati

220 647 317 690 igitur
345 649 376 678 et
414 649 505 678 certa
542 648 589 679 rei
627 647 841 690 experiencia
880 645 1051 678 euidenter
1084 645 1225 679 docente
1261 645 1431 680 didicimus
1464 646 1550 691 quod
1584 649 1707 681 circum
1742 658 1805 682 vos
1840 652 1872 681 et
1904 651 2067 682 ciuitatem

220 710 366 740 vestram
395 706 543 748 castella‚
574 708 779 739 municiones
809 710 840 739 et
869 705 1030 740 fortalicia
1060 709 1121 739 sita
1151 709 1217 739 sint
1246 717 1342 752 quam
1371 707 1520 753 plurima,
1553 711 1585 741 in
1621 707 1739 754 quibus
1775 708 1950 754 predones
1988 720 2068 754 rap—

220 769 310 800 tores
338 770 369 799 et
398 765 630 800 malefactores
660 765 778 810 publici
808 770 840 799 et
868 767 987 800 occulti
1019 765 1165 800 habitant
1197 771 1228 799 et
1256 765 1379 800 habere
1407 773 1652 802 consueuerant
1680 779 1739 802 sua
1766 767 1896 814 refugia
1918 774 1947 802 et
1969 780 2067 803 man-

220 829 333 860 siones
363 837 403 860 ac
431 825 550 860 abinde
578 825 673 859 bonis
703 826 888 860 hominibus
917 838 1041 860 nocere
1070 831 1103 860 et
1131 826 1306 872 dispendia
1334 826 1447 861 facere
1476 839 1538 861 non
1569 828 1754 863 formidant.
1784 828 1944 863 Volentes
1973 832 2069 874 igitur

222 886 318 920 vobis
347 897 447 932 super
482 886 699 920 incommodis
737 891 767 920 et
802 887 929 920 damnis
964 898 1022 932 per
1059 887 1243 921 huiusmodi
1282 888 1514 923 malefactores
1549 888 1646 923 vobis
1682 894 1712 923 et
1751 892 1874 924 vestris
1908 889 2068 924 hactenus

221 947 442 993 multipliciter
469 946 565 980 illatis
595 946 635 980 de
664 947 819 981 remediis
849 947 1025 993 prouidere
1054 951 1238 993 oportunis,
1273 948 1314 982 de
1352 953 1442 982 certa
1478 953 1591 983 nostra
1628 952 1773 983 sciencia
1808 950 1937 996 plenam
1975 951 2068 985 vobis

222 1010 341 1042 virtute
369 1010 580 1053 presencium
610 1008 824 1042 concedimus
855 1013 950 1054 atque
989 1008 1105 1042 damus
1143 1013 1350 1055 potestatem„
1383 1014 1543 1056 quatenus
1582 1013 1736 1044 Vniuersa
1773 1011 1922 1054 castella,
1958 1016 2067 1046 muni—

221 1071 335 1102 ciones
364 1073 395 1101 et
423 1067 586 1102 fortalicia
617 1073 702 1101 terre
731 1072 841 1101 nostre
871 1074 903 1102 et
932 1068 1028 1102 vobis
1057 1069 1196 1114 aliisque
1226 1073 1348 1104 nostris
1377 1069 1516 1105 subditis
1545 1073 1675 1113 uociua,
1701 1073 1732 1104 in
1762 1071 1878 1116 quibus
1905 1077 2069 1119 raptores.

220 1128 387 1175 predones
417 1133 448 1162 et
477 1128 709 1163 malefactores
741 1128 887 1162 habitant
915 1130 967 1163 vel
997 1129 1036 1163 ad
1066 1140 1129 1175 que
1162 1129 1292 1175 refugia
1329 1130 1452 1164 habere
1485 1136 1740 1175 consueuerunt,
1776 1131 1828 1166 illa
1864 1136 1972 1167 tamen
2009 1145 2070 1179 que

221 1189 280 1223 sub
309 1192 451 1235 puritate
480 1194 596 1224 vestre
625 1189 700 1222 lidei
730 1194 762 1222 et
791 1193 973 1223 iuramento
1001 1195 1117 1224 vestro
1146 1201 1247 1236 super
1276 1202 1316 1225 eo
1345 1194 1436 1236 prius
1465 1191 1617 1226 faciendo
1645 1195 1766 1226 nociva
1803 1204 1880 1228 esse
1914 1193 2071 1228 declara-

221 1253 346 1293 uerit-is7
378 1254 472 1296 prout
501 1250 529 1283 id
559 1255 672 1284 vestre
702 1250 775 1284 lidei
806 1255 836 1283 et
865 1253 1080 1284 consciencie
1110 1263 1148 1284 ac
1178 1251 1296 1285 honori
1336 1251 1522 1285 faciendum
1558 1253 1790 1288 committimus
1825 1265 1870 1288 ex
1906 1265 1991 1288 nunc
2031 1254 2070 1288 de

221 1315 335 1344 cetero
364 1311 542 1345 destruatis
573 1315 604 1344 et
633 1310 776 1346 funditus
804 1313 900 1345 sicuti
928 1310 1024 1345 vobis
1054 1322 1112 1357 pro
1142 1317 1255 1346 nostro
1285 1316 1317 1346 et
1346 1317 1434 1346 terre
1463 1317 1574 1347 nostre
1603 1312 1731 1347 honore
1751 1318 1783 1347 et
1802 1315 1973 1349 commodo
2003 1326 2070 1349 ex-

221 1372 336 1418 pedire
366 1371 541 1405 videbitur.
572 1371 798 1418 disrumpatis.¹
828 1371 879 1404 De
909 1372 1018 1406 talium
1050 1372 1301 1407 malefactorum
1330 1372 1425 1408 bonis
1463 1373 1636 1408 mobilibus
1674 1379 1705 1408 et
1737 1375 1954 1410 immobilibus
1991 1380 2070 1410 uni-

223 1435 330 1466 uersis
359 1443 422 1466 vos
452 1437 565 1467 nostro
595 1435 728 1466 nomine
756 1435 1010 1467 intromittentes
1038 1432 1158 1479 illaque
1189 1438 1353 1476 tenentes,
1383 1433 1545 1468 hahentes
1574 1439 1605 1468 et
1634 1435 1843 1481 possidentes
1871 1447 1975 1481 usque
1995 1436 2070 1470 dum

221 1493 305 1526 aliud
335 1504 353 1526 a
382 1492 477 1526 nobis
506 1504 578 1527 cum
610 1492 670 1527 hiis
700 1493 886 1527 faciendum
918 1496 1112 1539 receperItis
1142 1497 1173 1527 in
1206 1494 1378 1527 mandatis.
1410 1494 1530 1527 Harum
1561 1499 1759 1538 nostrarum,
1791 1495 1907 1541 quibus
1928 1498 2068 1542 sigillum

222 1558 368 1587 nostrum
399 1558 450 1587 est
480 1565 664 1599 appensum
696 1557 882 1588 testimonio
918 1554 1095 1588 literarum.
1136 1555 1255 1588 Datum
1289 1558 1320 1588 in
1355 1554 1406 1588 die
1443 1555 1565 1589 Sancte
1601 1555 1768 1590 Trinitatis
1808 1557 1904 1591 Anno
1943 1557 2072 1592 Domini

223 1613 396 1648 ltlillesiiiio
426 1613 677 1648 Trecentesimo
707 1614 990 1659 Quinquagesimo
1022 1615 1139 1648 Primo.

530 1690 623 1726 (Oi-ig.
651 1693 685 1718 im
713 1694 825 1725 [elatu-i*
849 1694 1041 1720 stantun-ellim
1067 1694 1154 1727 copie
1181 1702 1235 1719 von
1262 1694 1294 1719 A.
1323 1694 1439 1721 boeck!

1112 1814 1184 1849 SS-

377 1875 528 1929 Kaiser
556 1895 635 1930 Karl
664 1896 721 1930 lv.
752 1896 869 1930 befreit
898 1896 955 1931 auf
980 1896 1149 1931 Fui-bitten
1184 1898 1242 1932 des
1271 1898 1439 1932 Johannes
1468 1900 1508 1932 de
1537 1898 1633 1932 Novo
1663 1897 1749 1932 Foro
1787 1900 1973 1934 Canonicus
2003 1911 2070 1934 von

225 1953 362 1989 Breslau
390 1955 456 1989 und
486 1955 616 1989 Olmiitz
645 1960 698 1990 eiu
728 1957 897 1991 unterbalb
927 1957 985 1991 dei·
1014 1959 1098 1992 alten
1129 1958 1249 1993 Mauer
1277 1959 1335 1993 des
1354 1958 1903 2004 Augustiner-Eremitenklosters
1932 1964 1963 1994 in
1985 1960 2072 2006 Prag

223 2014 407 2059 gelegenes
438 2014 652 2049 Grundsttick
682 2027 746 2050 von
777 2017 857 2051 aller
886 2018 1076 2052 welttichen
1108 2019 1404 2054 Geriebtsbarlzeit.
1437 2018 1490 2054 Dt.
1523 2019 1628 2064 Frage
1658 2018 1778 2053 XVIH.
1811 2021 1872 2054 kal.
1894 2021 1968 2055 Julii
1999 2022 2028 2055 d.
2051 2024 2070 2055 i.

228 2077 283 2110 14.
314 2075 391 2109 ¹luni
423 2075 532 2110 1351.

535 2141 735 2175 (Abgedruckt
759 2143 787 2168 in
813 2144 912 2169 I'elzl's
938 2145 1009 2170 Kari
1036 2146 1086 2172 IV.
1113 2146 1301 2172 L'rkundenb.
1327 2155 1388 2171 zum
1414 2144 1434 2172 I.
1459 2146 1512 2172 Th.
1538 2154 1563 2179 p.
1595 2147 1675 2178 111.t

1114 2265 1188 2301 89.

226 2337 413 2382 Marquaf
434 2339 570 2374 Jokamz
600 2352 663 2374 eon
693 2340 835 2375 Mcihren
863 2346 1030 2386 qestattet
1059 2344 1120 2377 den
1150 2343 1307 2388 Bmyern
1336 2355 1398 2378 von
1428 2344 1537 2389 lqlauq
1575 2345 1771 2389 Lamlyu'ter
1808 2357 1868 2379 ren
1905 2347 1966 2378 [len
2005 2344 2069 2379 be-

521 2400 734 2435 naclzbarten
763 2401 964 2436 Edelleuten
993 2404 1219 2448 aiezultaufen.
1250 2405 1307 2438 De.
1339 2404 1432 2450 Praq
1461 2405 1519 2439 20.
1550 2405 1634 2439 Jum‘
1662 2405 1771 2439 1351.

389 2466 584 2521 «lohannes
614 2486 676 2521 Dei
706 2486 826 2521 Gracia
856 2487 1005 2523 Marehio
1033 2489 1185 2524 Moravie
1213 2490 1380 2526 Fidelibus
1409 2495 1478 2526 suis
1505 2492 1631 2526 dilectis
1654 2491 1761 2526 Judici
1781 2492 1903 2527 duratis
1933 2498 1964 2527 et
1983 2492 2071 2528 Uni-

226 2547 374 2579 uersitati
402 2545 529 2580 Ciuium
560 2547 708 2583 Ciuitatis
738 2548 876 2594 lglavie,
907 2552 960 2595 qui
988 2561 1074 2584 nunc
1103 2555 1177 2585 sunt
1206 2551 1258 2585 vel
1288 2562 1346 2597 pro
1380 2556 1530 2598 tempore
1566 2551 1698 2595 suerum
1736 2551 1889 2587 Graciam
1924 2558 2069 2588 nostram
