2206 2735
1091 46 1159 82 121

1080 220 1098 255 l
1109 219 1181 255 59.

976 305 1033 338 12.
1064 305 1140 338 Mai
1168 303 1278 338 1352.

357 384 424 438 K.
454 402 532 437 Karl
563 401 622 436 IV.
653 401 831 445 hestiitiget
864 400 937 434 dem
975 400 1101 444 Prager
1134 397 1355 433 Erzbischofe
1390 400 1465 431 eine
1502 395 1663 430 Urkunde
1705 396 1743 430 K.
1774 395 1939 430 Wenzels
1972 396 2048 430 ddo.

206 464 314 502 1291.
344 463 416 498 Kal.
447 462 664 509 Septembris.
699 483 741 486 —
774 462 826 496 Dt.
857 461 966 506 Prage
997 459 1095 495 1352
1124 459 1182 493 IV.
1212 459 1289 493 Idus
1318 457 1407 492 Maii.

509 541 712 574 (Abgedruekt
735 541 764 566 in
788 538 895 566 Pelzl’s
917 539 987 565 Kar}
1013 540 1061 565 IV.
1088 537 1322 564 I⁷rkundenbuch
1347 537 1366 564 l.
1391 537 1445 563 Th.
1471 546 1498 571 p.
1525 532 1612 573 218.)

1076 685 1176 720 160.

971 772 1028 805 12.
1059 771 1135 805 Mai
1164 770 1273 804 1352.

351 850 420 903 K.
458 868 536 902 Karl
573 866 631 901 IV.
671 867 853 912 bestatiget
889 867 941 901 die
976 866 1207 900 Immunitaten
1246 865 1305 899 der
1334 864 1461 909 Prager
1488 863 1623 898 lin-che.
1682 863 1785 897 Unter
1814 863 1877 897 den
1907 863 2045 908 Zeugen

197 931 335 965 werden
365 928 560 974 angefiihrt:
590 928 822 972 Biirchartff)
853 938 918 961 von
950 927 1107 972 (limburg
1135 926 1201 960 und
1232 925 1344 960 Bocelz
1374 936 1440 959 von
1470 924 1623 958 Kunstat.
1669 924 1721 957 Dt.
1754 923 1842 968 Prag
1878 923 1937 957 lv.
1970 923 2045 957 ldus

197 991 277 1035 Maji
309 989 419 1025 1352.

503 1050 706 1085 (Abgedruckt
739 1049 784 1074 bei
811 1048 913 1074 Balbin
940 1049 994 1073 und
1020 1045 1169 1085 Goldast.)

1069 1194 1172 1228 161.

975 1281 1009 1313 5.
1040 1280 1123 1313 Jum‘
1152 1279 1261 1313 1352.

346 1359 414 1412 K.
446 1378 526 1412 Karl
554 1377 612 1412 IV.
652 1377 831 1421 liestatiget
867 1376 919 1410 die
956 1375 1222 1420 Eutscheidung‚
1249 1375 1393 1409 >welche
1426 1374 1485 1408 der
1523 1374 1834 1408 Oberstkammerer
1871 1373 1941 1406 Rus
1977 1383 2043 1406 von

191 1439 306 1473 Lutitz.
343 1439 402 1473 der
432 1439 583 1473 Dechaut
612 1439 670 1472 der
698 1438 825 1483 Pragei·
853 1437 918 1472 und
948 1438 1088 1471 Saatzer
1116 1435 1240 1469 Kirche
1277 1435 1448 1469 zwischen
1482 1434 1555 1468 dem
1586 1434 1676 1468 Abte
1705 1445 1771 1467 von
1802 1432 1949 1467 Strahov
1979 1432 2041 1466 und

192 1500 365 1534 mein-eren
398 1500 548 1545 Burgern
577 1511 644 1534 von
674 1500 776 1534 Saatz
804 1498 920 1544 gefallt
949 1497 1067 1532 haben.
1112 1496 1165 1530 Dt.
1197 1496 1304 1540 Frage
1335 1495 1431 1530 1352
1470 1494 1586 1529 Indict.
1616 1494 1672 1529 V..
1706 1494 1810 1528 Nonis
1839 1493 1939 1528 Junii.
1969 1492 2043 1527 Re-

191 1572 331 1605 gnorum
367 1572 453 1595 auno
486 1560 540 1595 vl.

499 1632 576 1665 (Das
602 1631 680 1664 Orig.
706 1631 742 1655 im
769 1630 924 1656 strahover
949 1628 1083 1663 Archive‚
1110 1628 1228 1661 abgedr.
1254 1627 1282 1652 in
1308 1627 1408 1652 Pelzl’s
1433 1626 1505 1651 Karl
1530 1626 1587 1659 1V‚‚
1614 1625 1722 1651 [Jrkdb.
1749 1625 1766 1650 l.
1793 1625 1856 1655 Th„
1881 1634 1906 1658 p.
1935 1624 1999 1651 7702

1070 1783 1169 1818 162.

250 1871 390 1906 Wenz-el
418 1871 555 1915 Herzog)
584 1883 646 1905 ron
676 1871 854 1906 Schlesien
885 1870 1048 1915 bestc'c‘tz'qt
1077 1870 1137 1903 cler
1156 1868 1595 1903 Kremherrenlfommende
1624 1868 1655 1899 iu
1688 1866 1860 1910 Goldberq
1889 1868 1986 1899 einen

635 1932 830 1976 jt'z'ltrlz'clzen
863 1932 956 1965 Zz'ns.
988 1931 1047 1964 Dt.
1080 1929 1252 1974 Goldbery
1283 1929 1340 1962 10.
1371 1929 1455 1962 Jecm?
1483 1927 1593 1961 1352.

346 2008 391 2061 ln
421 2026 560 2060 Nomine
591 2027 719 2061 Domini
750 2029 869 2061 Amen.
899 2026 967 2060 Nos
997 2026 1222 2059 Wenceslaus
1250 2025 1313 2058 Dei
1341 2027 1455 2069 gracia
1484 2022 1562 2056 Dux
1592 2022 1713 2056 Silesie
1747 2025 1871 2068 primus
1908 2027 1939 2055 et
1975 2022 2039 2055 do-

191 2090 296 2121 minus
325 2075 542 2131 Legnicensis
571 2087 723 2121 omnihus
750 2091 782 2120 in
810 2091 1004 2132 perpetuum
1033 2090 1097 2120 tan]
1126 2085 1336 2131 presentibus
1365 2094 1462 2130 quam
1500 2082 1618 2118 futuris
1653 2082 1750 2117 huius
1785 2085 1906 2128 pagine
1940 2086 2038 2116 testi-

192 2150 301 2181 monio
332 2148 482 2181 volumus
510 2147 583 2181 fore
612 2152 734 2181 notum.
767 2146 861 2188 Quod
890 2150 964 2194 quia
995 2147 1158 2181 discretus
1188 2145 1250 2180 Vir
1278 2151 1309 2179 et
1338 2146 1497 2179 honestus
1526 2145 1642 2190 paulus
1662 2144 1703 2178 de
1722 2142 1852 2189 Lyptzk
1872 2144 2037 2187 quondam

191 2211 274 2241 civis
304 2207 556 2252 Goltbergensis
585 2219 649 2242 non
679 2208 868 2253 compulsus
896 2219 959 2242 nec
988 2211 1128 2242 coactus
1156 2207 1215 2241 sed
1244 2209 1376 2252 propria
1405 2210 1512 2239 motus
1549 2205 1722 2239 voluntate
1758 2215 1856 2238 unam
1890 2214 2036 2237 marcam

192 2271 261 2302 veri
291 2271 364 2302 iusti
394 2273 425 2302 et
455 2272 553 2303 annui
581 2279 716 2303 census.
746 2280 842 2314 quam
870 2272 1017 2302 scienter
1045 2267 1157 2302 habuit
1185 2279 1285 2313 super
1313 2272 1345 2301 et
1374 2270 1405 2300 in
1435 2266 1530 2301 stuba
1558 2266 1668 2300 balnei
1697 2265 1847 2300 inferiori
1879 2269 1912 2299 in
1942 2264 2035 2298 Civi-

191 2333 257 2362 tate
286 2328 447 2373 Goltberg
475 2329 584 2363 domui
612 2334 644 2362 et
672 2329 778 2362 ordini
808 2329 1014 2363 dominorum
1045 2327 1290 2362 Cruciferorum
1319 2331 1351 2361 in
1390 2326 1552 2372 Goltberg
1586 2329 1720 2360 nemine
1757 2329 1888 2372 penitus
1924 2326 2037 2359 recla-

191 2394 313 2422 mante.
342 2392 475 2423 nomine
502 2392 574 2423 veri
603 2394 633 2423 et
662 2392 735 2423 iusti
763 2392 954 2423 testamenti
982 2392 1014 2423 in
1042 2389 1182 2422 salutem
1215 2391 1324 2422 anime
1362 2399 1422 2422 sue
1457 2388 1545 2422 dedit
1578 2392 1609 2421 et
1646 2387 1832 2421 voluntarie
1869 2389 2037 2432 perpetuis

191 2449 392 2495 temporibus
422 2450 594 2483 valituram
624 2450 852 2494 assingnando
881 2450 1064 2495 deputavit,
1094 2454 1126 2483 et
1155 2452 1228 2494 quia
1259 2448 1419 2482 Dominus
1447 2447 1626 2483 ..lohannes
1654 2446 1761 2480 Ursus
1782 2446 2038 2480 Commendator

192 2509 337 2553 ejusdem
366 2509 482 2543 domus
511 2510 696 2555 quindecim
725 2515 838 2544 scotos
867 2521 1060 2554 grossorum
1089 2512 1162 2543 veri
1191 2514 1224 2543 et
1252 2512 1350 2543 annui
1380 2519 1502 2543 census
1531 2518 1632 2553 super
1669 2512 1701 2540 et
1741 2510 1771 2540 in
1802 2507 1918 2540 eadem
1947 2508 2037 2541 int'e—

1899 2578 1933 2602 16
