2206 2735
1018 40 1090 73 130

1007 254 1110 289 169.

139 348 242 390 l’aps!
281 345 434 377 Plena-us
472 343 524 377 l'I.
562 345 727 376 rexere-ir!
762 343 832 375 dem
869 342 1041 374 (Jlmmz-er
1076 340 1232 374 cleriter
1266 340 1532 374 Bartholomans
1569 343 1644 375 eim·
1681 343 1741 375 der
1778 341 1978 387 Verlee'lmnq

203 407 261 439 des
292 403 593 448 Isoui'yi'nln·!0s!1·rs
631 406 661 436 i'n
693 402 861 436 ,tlibi-ami
893 402 1097 435 zustelwude
1127 402 1286 445 Psri'mde.
1333 402 1389 435 Dt.
1420 402 1575 447 striglium
1605 403 1663 436 ⁴21.
1693 403 1768 436 Jali
1798 403 1907 436 1352.

291 490 466 542 (leniens
498 508 680 553 Episcopus
711 508 840 540 Servus
870 506 1053 539 Servorum
1082 504 1144 538 Dei
1174 505 1305 539 Dilecto
1344 506 1408 539 lilio
1438 505 1671 539 Bartliolouieo
1707 511 1783 540 nato
1816 506 1981 552 quondam

135 570 296 603 Joliaunis
326 570 403 603 dicti
436 569 550 602 Boemi
579 568 619 601 de
649 567 782 600 Brunna
818 567 941 600 clerico
971 566 1166 600 Olomucen.
1197 566 1342 601 diocesis
1372 567 1518 600 Salutem
1547 571 1581 600 et
1609 568 1835 613 Apostolicam
1867 567 1982 601 Bene-

137 630 327 664 dictionem.

293 689 481 723 Laudabilia
511 693 565 723 tue
594 690 710 721 merita
740 686 910 733 probitatis
941 698 1042 733 super
1070 687 1187 732 quibus
1216 688 1299 733 apud
1329 699 1389 722 nos
1417 688 1586 733 lidedigno
1615 688 1857 723 commendaris
1886 691 1984 722 testi-

138 754 248 785 monio
277 762 337 784 nos
367 751 523 784 inducunt
553 754 585 783 ut
614 749 669 782 tibi
699 748 876 781 reddamur
904 748 942 781 ad
972 751 1114 793 gratiam
1144 748 1310 782 liberales.
1342 748 1504 783 Volentes
1534 751 1643 794 itaque
1672 748 1727 782 tibi
1747 752 1985 794 premissorum

139 815 328 845 meritorum
366 816 493 844 tuorum
529 812 642 843 intuitu
681 812 821 853 gratiam
853 808 965 842 facere
994 808 1171 854 specialem
1202 809 1396 843 beneficium
1426 810 1691 844 ecclesiasticum
1721 820 1796 842 cum
1825 820 1903 843 cura
1931 809 1985 843 vel

139 876 212 906 sine
248 883 326 905 cura
364 875 558 904 consuetum
595 870 634 903 ab
673 870 746 902 olim
784 870 915 902 clericis
945 867 1151 903 secularibus
1181 872 1359 914 assignari,
1388 873 1481 904 cuius
1510 869 1637 903 fructus
1667 869 1812 903 redditus
1841 874 1874 903 et
1902 880 1986 915 pro-

141 938 260 966 ventus
296 936 322 965 si
360 943 432 965 cuni
469 942 548 965 cura
582 933 849 976 vigintiquinque
877 933 903 963 si
934 941 1017 963 vero
1046 933 1117 964 sine
1147 940 1226 963 cura
1255 930 1353 964 suerit
1381 930 1495 963 decem
1526 934 1559 963 et
1587 934 1660 963 octo
1690 929 1899 964 Marcbarum
1929 941 1988 964 ar-

140 998 231 1038 genti
258 992 437 1026 secundum
467 995 671 1025 taxationem
702 991 829 1024 decime
858 991 1006 1024 valorem
1037 1002 1179 1024 annuum
1209 1002 1274 1024 non
1305 991 1473 1024 excedant
1507 990 1545 1024 ad
1576 991 1765 1024 dilectarum
1796 993 1827 1024 in
1858 990 1989 1024 Christo

142 1054 278 1088 tiliarum
310 1081 316 1087 .
349 1080 355 1086 .
396 1052 576 1086 Abbatisse
612 1056 644 1085 et
682 1050 876 1085 Conventus
911 1050 1105 1084 Illonasterii
1143 1051 1439 1085 sanctimonialium
1475 1054 1505 1085 in
1545 1051 1617 1084 aula
1655 1056 1773 1085 sancte
1801 1050 1915 1085 Mariae
1957 1053 1989 1084 in

142 1117 272 1159 antiqua
303 1114 435 1147 Brunna
467 1114 662 1146 cistercien.
694 1112 820 1146 ordinis
851 1112 1044 1146 Olomucen.
1067 1112 1211 1146 diocesis
1231 1112 1439 1146 collationem
1462 1114 1686 1158 provisionem
1709 1114 1989 1157 presentationem

142 1186 200 1208 seu
229 1177 381 1219 quamvis
410 1174 505 1207 aliam
535 1173 785 1219 dispositionem
816 1176 985 1218 pertinens
1015 1176 1236 1206 communiter
1264 1174 1317 1206 vel
1347 1172 1477 1207 divisim
1508 1175 1536 1207 si
1566 1173 1651 1218 quod
1672 1177 1769 1206 vacat
1789 1172 1830 1206 ad
1851 1183 1990 1219 presens

144 1236 196 1269 vel
226 1246 301 1268 cum
332 1238 507 1268 vacaverit
535 1234 620 1280 quod
650 1239 681 1267 tu
712 1244 770 1279 per
799 1238 831 1266 te
860 1234 912 1267 vel
944 1238 1195 1279 procuratorem
1226 1237 1313 1267 tuum
1344 1233 1383 1266 ad
1413 1233 1475 1267 hoc
1504 1233 1651 1277 legitime
1676 1236 1886 1267 constitutum
1907 1231 1992 1266 infra

145 1299 239 1330 unius
275 1299 398 1328 niensis
435 1299 576 1340 spatium
611 1299 782 1340 postquam
818 1294 871 1327 tibi
908 1295 960 1328 vel
998 1294 1104 1327 eidem
1143 1297 1349 1340 procuratori
1381 1297 1508 1328 vacatio
1537 1295 1622 1328 illius
1650 1297 1829 1327 innotuerit
1857 1293 1992 1327 duxeris

144 1356 384 1401 acceptandum
421 1355 659 1389 conferendum
699 1355 754 1388 tibi
792 1360 865 1400 post
894 1357 1160 1400 acceptationem
1192 1354 1377 1389 huiusmodi
1410 1365 1484 1388 cuin
1514 1354 1667 1387 omnibus
1697 1354 1820 1388 iuribus
1849 1358 1881 1387 et
1910 1364 1992 1399 per-

144 1420 289 1450 tinentiis
319 1419 387 1450 suis
417 1416 583 1449 donationi
615 1416 798 1461 apostolice
827 1426 1040 1449 reservamus
1070 1415 1247 1449 districtius
1277 1415 1465 1449 inhibentes
1496 1415 1624 1448 eisdem
1646 1415 1825 1449 Abbatisse
1845 1419 1878 1448 et
1898 1414 1993 1448 Con-

145 1480 258 1511 ventui
295 1488 336 1510 ne
371 1477 411 1510 de
447 1477 634 1510 huiusmodi
672 1476 836 1510 beneficio
871 1479 998 1509 interim
1035 1479 1131 1510 ctiam
1162 1481 1239 1510 ante
1268 1479 1532 1522 acceptationem
1562 1475 1701 1509 eandem
1731 1478 1791 1509 nisi
1821 1479 1993 1520 postquam

146 1541 194 1571 eis
232 1541 427 1571 constiterit.
467 1537 551 1582 quod
590 1543 621 1571 tu
656 1538 711 1571 vel
747 1542 945 1583 procurator
983 1536 1150 1582 predictus
1179 1536 1254 1570 illud
1285 1536 1455 1569 nolueritis
1489 1540 1669 1581 acceptare
1698 1535 1878 1581 disponere
1906 1545 1993 1580 quo—

147 1598 309 1645 quomodo
340 1603 532 1644 presumant
561 1609 599 1631 ae
630 1598 850 1631 decernentes
880 1609 1014 1631 exnunc
1043 1600 1167 1631 irritum
1198 1602 1230 1631 et
1259 1600 1357 1630 inane
1386 1599 1413 1629 si
1443 1607 1543 1630 secus
1573 1607 1673 1642 super
1701 1595 1761 1630 biis
1791 1608 1808 1629 a
1829 1606 1992 1642 quoquam

147 1662 264 1705 quavis
304 1662 500 1692 auctoritate
539 1662 684 1692 scienter
719 1659 773 1691 vel
810 1661 1003 1702 ignoranter
1037 1661 1217 1702 contigerit
1254 1660 1450 1703 attemptari,
1488 1667 1553 1690 non
1589 1656 1798 1691 obstantibus
1834 1659 1861 1690 si
1896 1657 1995 1702 aliqui

148 1731 249 1765 super
278 1719 524 1764 provisionibus
555 1719 615 1753 sibi
646 1719 812 1752 faciendis
842 1718 882 1751 de
912 1718 1096 1752 huiusmodi
1124 1719 1179 1752 vel
1209 1718 1281 1752 aliis
1310 1717 1484 1751 beneficiis
1513 1718 1755 1751 ecclesiasticis
1779 1720 1810 1750 in
1830 1717 1893 1751 illis
1913 1727 1995 1762 par-

149 1780 234 1813 tibus
265 1781 427 1825 speciales
456 1781 510 1813 vel
539 1781 717 1824 generales
747 1781 929 1826 apostolice
957 1779 1047 1813 sedis
1076 1779 1131 1813 vel
1160 1778 1344 1823 legatorum
1373 1781 1444 1812 eius
1468 1778 1592 1812 litteras
1620 1780 1838 1824 impetrarint,
1867 1780 1995 1812 etiamsi

150 1852 209 1887 per
248 1851 305 1873 eas
344 1840 382 1873 ad
419 1840 644 1873 inhibitionem
684 1843 949 1874 reservationem
987 1844 1021 1873 et
1048 1839 1217 1874 decretum
1250 1839 1304 1873 vel
1334 1839 1415 1873 alias
1444 1838 1690 1883 quomodolibet
1716 1841 1758 1873 sit
1785 1848 1994 1884 processum,

150 1900 266 1945 quibus
295 1900 447 1933 omnibus
476 1905 688 1946 preterquam
717 1903 915 1934 auctoritate
943 1905 1056 1934 nostra
1085 1899 1270 1933 huiusmodi
1299 1898 1460 1933 beneficia
1490 1898 1744 1945 expectantibus
1773 1903 1804 1932 te
1831 1901 1863 1932 in
1893 1909 1995 1932 asse-

151 1965 281 1995 cutione
318 1964 421 2006 ipsius
460 1961 612 1995 beneficii
650 1962 804 1995 volumus
841 1961 1010 2000 anteferri„
1046 1961 1103 1994 sed
1140 1961 1262 1994 nullum
1297 1971 1356 2006 per
1391 1960 1453 1993 boc
1486 1962 1535 1994 eis
1571 1970 1635 2004 quo
1674 1959 1712 1993 ad
1748 1961 1994 1993 assecutionem

153 2022 288 2055 aliorum
318 2021 553 2055 beneficiorum
583 2021 799 2067 preiudicium
829 2025 995 2065 generari,
1034 2033 1092 2055 seu
1122 2024 1147 2055 si
1178 2020 1303 2055 eisdem
1334 2020 1514 2055 Abbatisse
1546 2024 1579 2054 et
1607 2019 1794 2053 Conventui
1827 2019 1880 2052 vel
1918 2022 1996 2065 qui-

155 2082 271 2115 busvis
301 2082 372 2115 aliis
402 2085 620 2115 communiter
649 2081 702 2115 vel
732 2081 860 2114 divisim
892 2082 931 2114 ab
961 2082 1078 2115 eadem
1117 2085 1157 2115 sit
1186 2082 1266 2115 sede
1295 2081 1466 2123 indultum,
1503 2081 1588 2125 quod
1618 2080 1657 2114 ad
1686 2083 1913 2125 receptionem
1942 2080 1997 2114 vel

155 2145 379 2188 provisionem
410 2142 548 2175 alicuius
577 2145 709 2175 minime
739 2146 915 2175 teneantur
944 2147 975 2175 et
1003 2142 1042 2175 ad
1072 2142 1101 2175 id
1132 2142 1285 2188 compelli
1316 2153 1379 2175 non
1409 2144 1550 2188 possint,
1580 2140 1731 2186 quodque
1752 2140 1792 2173 de
1812 2140 1997 2174 huiusmodi

156 2203 208 2236 vel
238 2203 308 2235 aliis
338 2202 509 2235 beneficiis
540 2202 780 2235 ecclesiasticis
809 2202 848 2235 ad
879 2213 992 2235 eorum
1021 2202 1229 2236 collationem
1250 2205 1475 2248 provisionem
1502 2203 1781 2247 presentationem
1802 2201 1857 2235 vel
1876 2212 1996 2246 quam-

156 2274 296 2307 cumque
325 2262 418 2295 aliam
449 2263 699 2308 dispositionem
730 2265 931 2296 coniunctim
960 2263 1014 2296 vel
1043 2265 1218 2308 separatim
1248 2262 1475 2309 spectantibus
1504 2262 1583 2295 nulli
1611 2261 1721 2294 valeat
1740 2261 1908 2307 provideri
1938 2272 1997 2307 per

157 2324 281 2357 litteras
318 2322 519 2368 apostolicas
558 2333 622 2355 non
662 2322 821 2356 facientes
849 2323 978 2368 plenam
1009 2328 1039 2356 et
1068 2334 1263 2369 expressam
1298 2335 1337 2356 ac
1367 2323 1407 2356 de
1436 2321 1540 2356 verbo
1569 2321 1608 2355 ad
1636 2321 1775 2355 verbum
1805 2322 1844 2355 de
1873 2321 1996 2356 indulto

158 2383 344 2416 huiusmodi
370 2385 569 2416 mentionem
592 2387 622 2416 et
645 2382 788 2428 qualibet
817 2384 878 2417 alia
907 2384 992 2417 dicte
1022 2384 1111 2417 sedis
1132 2383 1335 2427 indulgentia
1355 2383 1505 2427 generali
1525 2382 1579 2416 vel
1599 2382 1739 2428 speciali
1760 2382 1997 2428 cuiuscumque

157 2446 279 2476 tenoris
318 2446 438 2476 existat
476 2454 534 2488 per
573 2454 667 2487 quam
707 2443 915 2488 presentibus
950 2454 1014 2477 non
1050 2454 1248 2489 expressam
1284 2443 1338 2476 vel
1375 2443 1518 2476 totaliter
1554 2453 1621 2476 non
1658 2445 1815 2476 insertam
1858 2442 1996 2476 effectus

158 2503 341 2537 huiusmodi
381 2508 493 2536 nostre
529 2507 636 2547 gratie
674 2503 823 2548 impediri
863 2504 971 2537 valeat
1005 2503 1249 2549 quomodolibet
1279 2504 1332 2537 vel
1361 2503 1476 2542 differi,
1513 2508 1545 2537 et
1579 2503 1619 2536 de
1649 2515 1709 2548 qua
1744 2506 1904 2548 cuiusque
1932 2507 1997 2537 toto
