2206 2735
1036 56 1083 91 78

283 171 438 206 Exhibita
475 170 572 205 nobis
609 181 669 216 pro
707 175 800 216 parte
838 169 949 204 dilecti
985 170 1039 203 lilii
1077 169 1202 205 Nobilis
1239 169 1309 204 Viri
1346 170 1508 204 Johannis
1538 168 1743 204 Mai-chionis
1777 168 1930 204 Moravie
1957 172 1995 205 et.

124 232 244 267 dilecte
273 235 304 266 in
334 231 465 265 Christo
495 231 561 266 filie
591 230 719 266 Nobilis
750 230 897 265 Mulieris
926 230 1109 275 Margarite
1141 235 1219 265 nate
1247 231 1356 265 dilecti
1387 230 1439 265 lilii
1470 230 1595 265 Nobilis
1625 229 1695 264 Viri
1727 229 1858 264 Nicolai
1886 229 1991 266 Ducis

124 293 276 341 Oppauic
305 297 360 327 tue
390 292 587 327 Oloniueen.
619 291 774 326 Diocesis
803 294 917 338 petitio
946 291 1149 328 continebat,
1192 292 1277 337 quod
1317 294 1378 338 ipsi
1416 292 1492 325 olim
1522 303 1588 325 non
1619 294 1817 335 ignorantes
1848 301 1886 325 se
1914 290 1988 326 l'ore

124 357 220 389 tertio
250 355 556 398 consanguinitatis
586 352 694 397 gradu
724 355 921 386 coniunctos
941 356 973 386 et
993 356 1126 398 propter
1155 352 1216 388 hcc
1245 363 1310 386 non
1340 363 1442 398 posse
1468 352 1507 386 ad
1528 355 1672 386 invicem
1703 351 1988 387 matrimonialiter

123 414 284 462 copulari.
313 417 557 449 matrimonium
588 417 675 448 inter
703 424 742 447 se
770 423 830 459 per
859 411 963 447 verba
992 412 1033 446 de
1062 416 1210 459 presenti
1241 423 1332 447 more
1360 413 1446 447 illius
1473 416 1579 458 patrie
1600 414 1818 458 solempniter
1846 417 1988 447 contra-

123 480 245 510 xerunt
274 475 316 510 de
344 475 445 511 facto.
475 475 620 521 illudque
650 486 710 521 per
738 474 906 508 carnalem
936 473 1088 520 copulam
1118 473 1364 507 confirmarunt.
1395 474 1507 514 Quare
1537 484 1595 518 pro
1625 476 1771 519 ipsorum
1803 478 1897 519 parte
1925 472 1987 507 suit

122 536 220 571 nobis
256 536 421 571 humiliter
459 535 694 582 supplicatum.
732 538 767 568 ut
802 545 876 568 cum
916 536 977 579 ipsi
1016 538 1154 580 propter
1191 538 1353 580 premissa
1391 536 1591 568 sententiam
1625 536 1987 569 excommunicationis

122 600 333 633 incurrerint.
376 601 410 631 et
450 599 481 630 in
518 595 605 630 dicto
644 597 853 629 matrimonio
889 594 1017 640 absque
1054 594 1306 641 dispensatione
1347 595 1528 641 apostolica
1572 594 1660 628 licite
1701 606 1878 629 remanere
1919 606 1987 629 non

122 661 262 704 possint,
300 663 333 692 et
371 668 414 692 ex
453 667 568 691 eorum
604 658 817 702 separatione
855 657 881 688 si
919 654 1011 689 lieret
1050 666 1171 700 magna
1210 661 1349 702 possent
1392 656 1552 690 scandala
1591 657 1818 691 verisimiliter
1860 658 1986 690 exoriri

123 718 303 765 providere
332 722 382 753 eis
412 718 453 752 de
481 721 668 764 opportuno
689 715 909 750 absolutionis
944 720 974 749 et
1008 715 1266 761 dispensationis
1289 717 1450 751 beneficio
1472 716 1731 750 misericorditer
1759 716 1986 760 dignaremur.

280 778 350 813 Nos
386 781 484 823 igitur
515 780 568 824 qui
599 776 738 812 salutem
768 779 953 822 appetimus
983 777 1201 821 singulorum.
1231 782 1264 811 et
1291 780 1377 811 inter
1405 777 1526 811 Christi
1556 776 1671 811 fideles
1701 779 1794 823 pacis
1828 782 1861 811 et
1888 782 1988 812 tran-

122 840 290 886 quillitatis
332 839 470 876 comoda
514 849 746 885 procuramus.
789 837 944 872 volentes
979 837 1166 872 huiusmodi
1200 838 1368 872 scandalis
1402 849 1598 884 precavere.
1647 841 1811 872 carissimi
1856 849 1987 884 quoque

121 904 154 936 in
198 901 330 936 Christo
368 900 422 935 filii
459 902 564 934 nostri
607 900 716 933 Caroli
755 899 981 933 Romanorum
1016 903 1048 933 et
1086 899 1223 933 Boemie
1262 899 1367 944 Regis
1402 899 1539 933 lllustris
1574 910 1632 945 pro
1668 899 1757 933 dicto
1790 898 1988 934 Mai-chione

121 962 225 997 fratre
264 973 323 996 suo
359 961 456 996 nobis
492 971 593 1007 super
628 960 691 994 hoc
727 960 892 994 humiliter
929 960 1158 1005 supplicantis,
1194 972 1233 994 ae
1271 960 1462 994 eorumdem
1492 959 1697 994 Marehionis
1735 965 1767 994 et
1802 960 1989 1005 Margarite

122 1034 167 1058 ex
205 1026 305 1058 certis
341 1025 455 1057 causis
494 1021 590 1056 nobis
629 1023 794 1068 expositis
832 1020 1129 1067 supplicationibus
1168 1022 1327 1059 inclinati.
1363 1021 1559 1056 fraternitati
1594 1026 1652 1055 ,tue
1687 1022 1727 1055 de
1765 1032 1828 1066 qua
1863 1025 1893 1055 in
1924 1021 1988 1056 hiis

122 1089 156 1119 et
189 1085 260 1119 aliis
295 1087 444 1129 gerimus
477 1086 509 1118 in
539 1083 684 1117 Domino
714 1082 867 1117 fiduciam
903 1082 1084 1128 specialem
1113 1093 1173 1129 per
1201 1082 1380 1128 apostolica
1410 1086 1535 1128 scripta
1565 1085 1798 1116 committimus
1827 1087 1858 1116 et
1887 1094 1989 1117 man-

121 1145 249 1180 damus.
288 1150 451 1191 quatenus
489 1144 627 1191 prefatis
666 1143 862 1178 Mai-chione
901 1148 933 1177 et
970 1142 1152 1188 Margarita
1191 1146 1355 1189 separatis
1391 1143 1429 1176 ad
1465 1148 1595 1188 tempus
1625 1142 1665 1176 de
1694 1154 1757 1188 quo
1792 1142 1849 1177 tibi
1882 1143 1987 1177 vide-

120 1205 206 1240 bitur
233 1205 409 1252 expedire.
440 1208 533 1252 ipsos
564 1204 605 1239 ab
634 1204 751 1239 eadem
773 1206 1132 1238 excommunicationis
1152 1207 1315 1238 sententia
1335 1214 1431 1249 quam
1454 1208 1588 1249 propter
1608 1206 1775 1249 premissa
1802 1206 1987 1238 incurrisse

121 1271 314 1309 noscuntur,
353 1269 553 1301 auctoritate
591 1270 705 1300 nostra
744 1268 835 1299 iuxta
873 1264 1011 1299 formam
1045 1265 1192 1299 ecclesie
1229 1264 1399 1307 absolvas,
1436 1268 1593 1298 iniunctis
1630 1268 1679 1297 eis
1718 1268 1803 1298 inter
1832 1266 1896 1299 alia
1925 1265 1986 1300 sub

119 1330 243 1362 virtute
271 1330 447 1361 iuramenti
477 1325 650 1373 prestandi
679 1325 765 1372 quod
795 1326 912 1360 similia
942 1325 984 1359 de
1013 1330 1128 1360 cetero
1157 1337 1221 1359 non
1251 1329 1465 1359 committant.
1496 1336 1559 1359 nec
1588 1325 1872 1359 committentibus
1902 1337 1987 1371 pre-

118 1387 219 1423 beant
249 1389 437 1424 consilium.
477 1387 634 1422 auxilium
665 1388 719 1421 vel
749 1386 913 1421 favorem.
951 1391 983 1420 et
1012 1386 1098 1421 infra
1127 1387 1294 1421 biennium
1323 1390 1508 1433 proximum
1537 1386 1676 1420 fundent
1704 1386 1786 1420 duas
1817 1387 1985 1433 Uapellas,

120 1454 152 1484 et
179 1450 357 1496 quamlibet
386 1460 504 1484 earum
534 1449 649 1483 dotent
674 1449 714 1482 de
743 1451 862 1483 annuis
897 1451 1067 1494 perpetuis
1103 1447 1284 1482 redditibus
1312 1447 1530 1494 quadraginta
1562 1447 1763 1481 llorenorum
1801 1451 1885 1491 auri,
1922 1458 1988 1482 nee

119 1521 187 1545 non
216 1510 302 1545 bona
333 1513 516 1557 penitentia
548 1510 697 1549 salutari.¹
727 1514 760 1544 et
788 1510 860 1544 aliis
890 1520 954 1555 que
983 1509 1024 1543 de
1052 1512 1122 1543 iure
1151 1509 1273 1543 fuerint
1300 1508 1514 1552 iniungenda.
1550 1507 1590 1541 Et
1619 1507 1751 1541 demum
1784 1511 1811 1542 si
1843 1508 1898 1542 tibi
1928 1511 1986 1543 vi-

120 1571 249 1606 debitur
277 1572 362 1618 quod
393 1571 581 1606 huiusmodi
613 1573 654 1605 sit
683 1570 889 1617 dispensatio
919 1570 1148 1604 concedenda.
1179 1581 1280 1616 super
1307 1579 1373 1614 quo
1402 1574 1487 1603 tuam
1518 1571 1760 1602 conscientiam
1792 1580 1984 1613 oneramus,

120 1644 194 1667 cum
224 1633 350 1667 eisdem
383 1632 581 1667 Marchione
619 1637 652 1666 et
679 1631 860 1677 Margarita
899 1636 942 1664 ut.
981 1631 1215 1676 impedimento
1251 1630 1336 1676 quod
1373 1640 1417 1663 ex
1453 1630 1539 1663 (licta
1574 1632 1873 1674 consanguinitate
1902 1640 1987 1675 pro-

120 1697 216 1728 venit
234 1705 300 1728 non
322 1694 489 1737 obstante,
520 1696 764 1728 matrimonium
795 1692 836 1726 de
864 1704 954 1726 novo
985 1695 1127 1726 invicem
1157 1691 1368 1725 contrahere.
1399 1695 1431 1724 et
1460 1694 1490 1724 in
1512 1702 1552 1723 co
1577 1694 1751 1736 postquam
1776 1695 1984 1725 contractum

121 1755 220 1789 fuerit
246 1755 334 1789 licite
363 1765 542 1789 remanere
578 1754 715 1788 valeant
748 1753 865 1787 eadem
896 1756 1092 1787 auctoritate
1121 1752 1310 1797 dispenses.
1347 1752 1471 1797 prolem
1502 1762 1545 1784 ex
1572 1750 1760 1785 huiusmodi
1792 1755 1984 1797 susceptam

122 1820 153 1849 et
173 1815 422 1861 suscipiendam
447 1818 658 1849 matrimonio
678 1815 859 1859 legitimam
881 1813 1105 1847 decernendo.
1136 1813 1255 1847 Datum
1277 1814 1445 1846 Avinione
1466 1811 1561 1845 XIlll
1585 1811 1753 1845 Kalendas
1775 1811 1985 1857 Septembris

122 1877 221 1910 Anno
253 1875 358 1910 Nono.

436 1942 504 1967 ἈΗΒ
530 1942 585 1967 den
609 1940 689 1976 Orig.
714 1941 786 1975 ch,
812 1940 945 1966 Clemens
976 1940 1024 1965 VI.
1053 1945 1120 1965 tom.
1152 1940 1179 1967 ἱ),
1211 1948 1285 1973 pars.
1312 1940 1337 1965 2.
1364 1947 1429 1972 pag.
1462 1939 1510 1967 30,
1536 1940 1619 1971 epist.
1650 1939 1740 1973 1943,
1773 1940 1797 1963 in
1824 1938 1984 1963 vidimirter

536 1993 683 2019 Abschrift
710 1993 882 2027 mitgetheilt
909 2001 963 2016 von
990 1993 1040 2018 Dr.
1069 1992 1096 2016 ΒΔ
1128 1991 1245 2019 wadia,

1008 2137 1109 2172 111.

121 2227 230 2271 Papst
271 2226 424 2260 Clemens
470 2226 524 2260 ΓΙ.
565 2226 728 2270 bes-taliq!
767 2227 838 2259 (lem
878 2224 1156 2258 ,N‘wmenh‘loster
1197 2227 1230 2257 ιἰι
1270 2226 1439 2258 Pus-timei·
1477 2226 1531 2258 ‹le'e
1567 2224 1601 2257 S.
1643 2223 1845 2267 September
1881 2222 1981 2257 1348

119 2288 249 2322 ciatirte
278 2287 657 2333 Scleenkunqsurlmude
686 2288 744 2320 cles
773 2286 955 2329 Biscleofes
988 2285 1125 2319 Jolmme.
1158 2297 1220 2319 1·οη
1251 2286 1393 2319 Olmae'itz.
1450 2285 1510 2318 Dt.
1549 2285 1707 2329 Are'gynote
1749 2284 1805 2318 19.
1842 2285 1979 2329 Avqust

999 2346 1109 2380 1351.

275 2411 455 2464 Clemens
484 2429 673 2476 Episcopus
703 2428 833 2464 Servus
864 2429 1047 2463 Servorum
1076 2429 1137 2463 Dei
1166 2429 1302 2463 Dilectis
1332 2433 1363 2462 in
1392 2428 1522 2462 Christo
1559 2427 1706 2461 Filiabus
1731 2456 1737 2461 .
1762 2456 1766 2462 .
1800 2428 1979 2463 Abbatisse

118 2495 151 2524 et
185 2490 371 2524 conventui
412 2490 607 2524 Monasterii
643 2490 951 2524 Sanctimonialium
991 2491 1030 2524 ad
1064 2490 1241 2524 Infantiam
1275 2490 1393 2524 Christi
1428 2493 1459 2522 in
1503 2489 1646 2522 l'ustinir
1690 2488 1826 2523 Ordinis
1871 2493 1978 2523 sancti

119 2550 291 2584 Benedicti
320 2550 519 2585 olomucen.
551 2550 694 2584 diocesis
724 2550 870 2585 Salutem
906 2555 935 2583 et
968 2551 1192 2596 Apostolicam
1224 2550 1503 2584 Benedictionem.
