2206 2735
1086 60 1156 93 103

1075 222 1176 257 142.

940 309 972 342 7.
1006 307 1160 341 Februai·
1191 307 1300 341 1352,

352 388 420 440 K.
451 405 528 440 Karl
557 404 614 439 1V.
646 405 803 449 beslatigt
830 404 893 438 den
923 404 1050 448 Prager
1077 402 1312 436 Kreuzherren
1343 405 1429 436 zwei
1465 402 1646 437 Urkunden
1681 403 1741 436 des
1770 403 1809 437 Κ.
1845 403 1975 438 Johann
2011 404 2040 437 d.

199 468 275 502 dato
306 467 403 502 1338
432 469 463 500 iu
493 466 544 499 die
582 465 617 499 S.
657 465 812 510 Gregorii
849 463 914 498 und
948 466 981 498 in
1018 463 1071 497 die
1106 462 1302 498 Palmarum.
1335 482 1376 488 —
1409 463 1462 497 Dt.
1499 463 1608 507 Prage
1645 462 1754 502 1352,
1789 464 1890 498 ludic.
1920 467 2042 509 quinta‚

200 529 347 575 Septimo
376 527 452 561 Idus
482 526 665 560 Februarii.

506 604 711 639 (Abgedruekt
736 604 763 628 in
787 603 889 629 Pelzl's
914 602 984 628 Kar!
1010 602 1067 636 lv„
1100 601 1335 629 Urlxundcubuch
1360 602 1379 628 l.
1405 601 1468 634 Th.,
1492 610 1519 636 p.
1548 602 1634 633 183.)

1073 748 1174 783 143.

198 838 307 882 I'apst
339 837 493 870 Clemens
520 836 573 870 VI.
604 835 777 880 ben-imqt.
807 836 886 868 dass
915 836 975 868 clei·
998 836 1171 868 Olane-tzer-
1190 835 1341 878 Bz'selmf
1361 834 1498 867 Johmm
1525 836 1670 877 {servisse
1697 837 1844 879 massiye
1864 834 2043 868 Subsidieu

196 910 261 932 von
291 899 364 931 dem
392 897 575 931 Soecular-
596 897 662 930 mid
682 896 963 940 Reqularclerue
993 896 1140 929 ieeleleer
1167 896 1250 928 eben
1280 896 1338 928 mil
1364 895 1560 938 Beuefieieu
1589 896 1745 928 itm-eslim
1774 896 1870 937 wlrd,
1899 895 2044 928 erloeebeu

711 957 819 999 (larse.
868 956 926 989 Dt.
957 955 1114 1000 Αεὶφῑοη,
1145 956 1203 989 22.
1234 955 1390 989 Februar
1420 955 1530 990 1352.

351 1033 527 1086 (demens
564 1051 751 1097 Episcopus
790 1050 919 1084 Servus
957 1050 1139 1085 Servorum
1177 1051 1238 1084 Dei
1269 1050 1398 1084 Dilecto
1433 1050 1499 1084 filio
1533 1049 1677 1083 Johanni
1706 1049 1821 1083 Electo
1850 1049 2043 1083 Oloniucenc

197 1112 345 1146 Salutem
373 1117 405 1145 et
434 1112 663 1158 Apostolicam
691 1110 976 1144 Benedictionem.

351 1181 466 1226 Exigit
495 1186 547 1214 tue
577 1180 765 1214 devotionis
796 1180 945 1214 affectus.
977 1192 1040 1225 quo
1070 1191 1130 1213 nos
1160 1184 1193 1213 et
1210 1180 1395 1214 Romanam
1415 1180 1593 1213 ecclesiam
1613 1183 1795 1220 revereris„
1817 1183 1849 1212 ut
1869 1181 2045 1224 petitiones

196 1247 280 1284 tuas„
309 1247 464 1286 quantum
495 1251 567 1274 cuin
599 1239 670 1273 Deo
701 1251 878 1286 possumus
907 1240 947 1273 ad
985 1240 1209 1275 exauditionis
1247 1243 1384 1284 gratiam
1423 1240 1640 1274 admittamus.
1698 1239 1777 1272 Cum
1817 1241 1925 1283 itaque
1959 1241 2045 1272 sicut

194 1302 339 1336 exhibita
369 1301 464 1335 nobis
492 1305 546 1335 tua
576 1303 688 1346 petitio
717 1300 918 1343 continel›at‚
948 1300 1032 1346 quod
1061 1303 1263 1335 necessariis
1293 1301 1439 1335 ecclesie
1468 1304 1523 1334 tue
1544 1299 1740 1334 Olomucen.
1770 1304 1803 1333 et
1822 1299 1892 1333 aliis
1912 1302 2044 1332 incum—

195 1362 346 1396 bentibus
375 1361 429 1395 tibi
460 1364 604 1407 negotiis
634 1361 732 1394 inulta
765 1365 798 1394 te
833 1360 945 1394 subire
979 1365 1131 1406 oporteat
1167 1372 1270 1394 onera
1316 1371 1553 1406 expensarum.
1609 1359 1677 1393 Nos
1715 1359 1924 1393 attendentes
1958 1360 2042 1403 quod

195 1423 301 1457 divisa
332 1426 362 1456 in
400 1427 512 1468 partes
550 1433 651 1455 onera
689 1422 795 1455 levius
837 1421 1058 1467 perferuntur.
1094 1426 1127 1455 et
1163 1432 1282 1466 equum
1321 1426 1353 1455 et
1388 1432 1571 1465 congruum
1606 1424 1797 1465 reputantes
1832 1424 1865 1453 ut
1898 1430 2043 1466 persone

194 1482 423 1518 ecclesiastice
452 1488 578 1517 tuarum
609 1482 761 1517 Civitatis
792 1488 824 1516 ot
852 1482 998 1516 diocesis
1029 1482 1223 1516 Olomucen.
1255 1487 1362 1516 tecum
1392 1481 1575 1515 huiusmodi
1604 1492 1706 1514 onera
1737 1483 1928 1526 partiantur.
1973 1479 2042 1513 Ca-

193 1547 312 1579 rissimi
341 1547 372 1578 in
404 1544 533 1577 Christo
563 1543 617 1577 filii
647 1546 752 1577 nostri
782 1542 890 1576 Caroli
920 1542 1024 1587 Regis
1053 1542 1275 1576 Romanorum
1306 1543 1464 1577 Illustris.
1494 1554 1533 1575 ac
1563 1544 1626 1575 tuis
1664 1540 1958 1587 supplicationibus
1987 1543 2041 1573 in-

194 1606 318 1647 clinatu
348 1609 383 1638 ut
410 1604 450 1637 ab
480 1603 630 1638 omuibus
659 1604 813 1637 ecclesiis
843 1603 1049 1636 secularibus
1078 1608 1109 1636 et
1138 1603 1358 1647 regularibus.
1388 1613 1568 1648 earumque
1597 1605 1751 1647 personis
1781 1612 1843 1634 non
1874 1604 2039 1646 exemptis

194 1665 355 1699 beneficia
386 1665 617 1698 ecclesiastica
647 1666 678 1697 in
709 1663 834 1697 eisdem
865 1662 1006 1696 Civitate
1034 1667 1067 1696 et
1094 1663 1218 1696 diocesi
1248 1663 1472 1697 obtinentibus
1502 1666 1593 1696 iuxta
1630 1665 1773 1707 ipsorum
1804 1660 2041 1694 beneficiorum

194 1728 397 1770 exigentiam
435 1725 622 1758 facultatum
663 1729 777 1770 petere
810 1728 842 1757 et
875 1727 1028 1769 recipere
1065 1726 1260 1757 auctoritate
1296 1729 1405 1757 nostra
1444 1723 1545 1757 semel
1582 1722 1752 1755 dumtaxat
1789 1721 1891 1754 libere
1925 1721 2039 1754 valeas

195 1789 404 1820 caritativum
435 1786 613 1819 subsidium
644 1785 846 1818 moderatum
876 1796 934 1830 pro
964 1784 1147 1817 huiusmodi
1175 1785 1409 1830 supportandis
1439 1783 1569 1816 facilius
1598 1781 1764 1815 oneribus.
1796 1781 1868 1815 Non
1899 1781 2037 1814 obstan-

194 1846 279 1880 tibus
308 1846 571 1892 quibuscumque
599 1848 730 1879 statutis
758 1849 791 1878 et
818 1844 1110 1878 consuetudinibus
1138 1847 1323 1887 contrariis,
1353 1856 1392 1877 ac
1422 1844 1604 1889 privilegiis
1632 1847 1664 1876 el
1692 1843 1903 1886 indulgentiis
1928 1853 1967 1874 ac
1997 1842 2038 1874 li-

194 1910 272 1940 teris
301 1907 493 1952 apostolicis
521 1905 734 1950 generalibus
764 1906 816 1938 vel
845 1904 1044 1951 specialibus
1073 1916 1354 1950 quorumcumque
1382 1909 1532 1937 tenorum
1568 1906 1715 1936 existant
1750 1905 1797 1936 eis
1834 1902 1888 1935 vel
1925 1912 2037 1935 eorum

195 1966 356 2012 aliquibus
386 1968 603 1999 communiter
632 1966 685 1998 vel
715 1965 844 1999 divisim
873 1965 933 1999 sub
962 1977 1169 2011 quacumque
1197 1965 1303 1999 forma
1335 1965 1386 1998 vel
1416 1966 1637 2009 expressione
1666 1963 1846 1997 verborum
1876 1961 1916 1995 ab
1952 1973 2040 2007 apo-

195 2028 311 2060 stolica
341 2027 421 2061 sede
451 2029 624 2060 concessis
653 2037 713 2072 per
740 2036 804 2070 que
833 2025 1041 2071 presentibus
1071 2037 1135 2059 non
1165 2036 1328 2071 expressa
1367 2026 1420 2058 vel
1459 2025 1600 2057 totaliter
1634 2034 1698 2057 non
1736 2026 1860 2056 inserta
1901 2021 2038 2055 effectus

195 2098 308 2120 earum
338 2075 487 2133 impediri
517 2087 627 2120 valeat
655 2086 899 2131 quomodolibet
929 2088 982 2120 vel
1011 2086 1132 2119 differri
1162 2090 1195 2119 et
1223 2087 1263 2119 de
1292 2086 1407 2131 quilius
1445 2095 1647 2129 quorumque
1686 2086 1761 2117 totis
1792 2082 1958 2115 tenoribus
1998 2083 2038 2115 de

197 2146 300 2180 verbo
330 2147 368 2180 ad
398 2146 535 2180 verbum
566 2146 718 2179 habenda
747 2149 788 2179 sit
816 2149 846 2179 in
876 2149 997 2180 nostris
1034 2147 1135 2179 literis
1171 2150 1291 2179 mentio
1329 2146 1484 2191 specialis
1521 2149 1636 2178 tenore
1675 2146 1875 2189 presentium
1905 2142 1960 2175 tibi
1997 2143 2037 2175 de

196 2205 332 2253 speciali
361 2210 465 2251 gratia
496 2207 715 2250 indulgemus.
747 2205 831 2239 Nulli
861 2218 942 2250 ergo
963 2208 1023 2240 dcc.
1046 2211 1159 2241 nostre
1179 2209 1409 2241 concessionis
1430 2206 1611 2249 infringere
1632 2207 1693 2238 occ.
1725 2204 1844 2237 Datum
1866 2204 2036 2237 Avinione

196 2267 274 2301 VIII
303 2267 375 2301 Kal.
406 2267 513 2300 Martii
544 2269 642 2301 Anno
674 2267 819 2300 Decimo.

349 2337 383 2370 In
414 2338 530 2370 eodeni
560 2337 666 2370 niodo,
698 2336 890 2369 Venerabili
923 2336 1025 2370 Fratri
1058 2365 1061 2368 ,
1095 2365 1099 2369 .
1133 2336 1301 2381 Episcopo
1339 2336 1518 2380 Spoletano
1552 2338 1585 2367 et
1619 2334 1747 2366 dilectis
1786 2333 1859 2365 liliis
1895 2330 2036 2364 Jolianni

196 2397 311 2430 Electo
342 2397 606 2441 Nuemburgens
639 2409 675 2430 ac
707 2397 952 2430 Archidiacono
984 2397 1130 2431 Beliven.
1162 2400 1191 2429 in
1222 2397 1365 2429 ecclesia
1396 2395 1536 2439 Pragen.
1568 2394 1711 2427 Salutem
1743 2396 1802 2425 xvc.
1839 2391 1952 2435 Exigit
1980 2390 2034 2423 di-

195 2458 270 2491 lecti
300 2456 352 2490 filii
382 2457 542 2491 ⁴lobannis
572 2457 676 2491 Electi
706 2457 899 2490 olomucen.
932 2460 990 2490 &c
1022 2469 1123 2501 usque
1153 2457 1305 2489 duximus
1336 2455 1580 2499 indulgendum.
1630 2453 1794 2493 Quocirca
1828 2451 2032 2485 mandamus.

197 2520 349 2562 quatinus
378 2528 440 2550 vos
470 2519 520 2551 vel
551 2518 614 2550 duo
643 2522 696 2551 aut
726 2529 808 2550 uuus
839 2522 985 2551 vestrum
1017 2530 1074 2563 per
1103 2528 1163 2550 vos
1194 2518 1245 2549 vel
1275 2517 1372 2549 alium
1403 2527 1460 2549 sou
1492 2516 1572 2548 alios
1601 2514 1727 2547 faciatis
1757 2512 1815 2546 lise
1846 2522 1920 2545 Vice
1949 2522 2034 2544 auc—
