2206 2735
243 327 392 365 ,lohanm
423 326 609 369 Markyraf
632 335 695 358 ron
724 324 880 366 Mithrem,
907 326 1075 368 qestattet
1102 325 1164 358 (len
1194 324 1352 368 Buryern
1380 335 1446 357 von
1483 323 1613 357 Olmu'tz·
1642 323 1703 356 das
1728 323 1819 366 freie
1858 321 2094 365 I'erlequnqs-

245 388 358 422 Beck!
395 385 570 431 hezitqlicle
605 386 666 419 der
703 385 895 429 Zz'nsunyen
932 396 996 418 von
1024 383 1122 417 ihren
1152 384 1382 429 Besitzunyen
1410 386 1532 418 inner-
1561 384 1628 417 um!
1656 381 1858 416 ansserlealb
1887 382 1947 414 der
1976 381 2093 416 Stadt.

913 444 973 478 DI.
1003 443 1062 478 23.
1094 444 1297 488 September
1327 444 1437 478 1354.

399 504 488 557 lxos
517 522 689 556 Johannes
719 522 771 555 dei
799 524 914 566 gracia
945 521 1092 555 marchio
1129 521 1289 556 Mei-anie.
1322 522 1609 556 Advniuersoruin
1645 525 1709 554 tam
1748 523 1957 566 presencium
1995 530 2094 565 quam

247 585 427 619 futurorum
457 583 618 618 devenire
647 583 798 617 volumus
827 585 1015 616 nocionein.
1046 582 1140 623 Quod
1176 592 1236 616 nos
1273 587 1433 619 nostram,
1463 587 1642 627 nostreque
1671 583 1814 614 ciuitatis
1858 579 2092 614 Oloniucensis

243 645 416 678 vtilitatem
445 655 503 678 seu
532 643 761 677 condicionem
804 645 894 676 iuxta
936 642 1196 676 informaciones
1239 653 1298 676 seu
1340 645 1523 688 peticiones
1566 642 1708 676 fidelium
1746 645 1935 674 nostrorum
1964 639 2094 673 Nicolai

247 705 324 739 dicti
353 704 435 739 fides
465 704 631 747 aduocati,
660 703 845 746 consulum,
876 706 1072 746 iuratorum,
1104 707 1271 737 seniorum
1301 714 1340 736 ac
1368 706 1475 736 tocius
1505 704 1747 736 communitatis
1776 704 1919 734 ciuitatis
1948 700 2095 745 predicte

244 766 412 800 meliorem
442 765 557 799 facere
585 767 769 810 cupientes,
800 766 882 810 ipsis
911 763 1039 798 ciuibus
1069 768 1101 797 et
1128 763 1262 797 cuilibet
1290 763 1383 797 alteri
1404 774 1548 809 persone
1568 766 1805 807 cuiuscumque
1832 765 1947 803 status,
1974 761 2096 795 condi—

245 828 353 860 cionis
384 830 437 859 aut
467 827 654 859 eminencie
683 827 841 866 existant,
880 823 995 858 damus
1033 828 1065 857 et
1108 824 1322 858 concedimus
1360 824 1579 858 omnimodam
1614 824 1788 857 licenciam
1825 827 1857 855 et
1899 826 2094 868 potestatem

245 885 425 930 obligandi,
456 885 587 919 emendi
616 889 647 918 et
676 884 843 919 vendendi
872 895 995 919 census
1025 884 1244 919 hereditarios
1282 896 1340 919 seu
1369 885 1570 930 temporales
1607 896 1707 929 snper
1743 883 1829 917 bona
1865 893 1924 917 seu
1954 882 2094 915 beredi-

246 952 330 980 tates
359 949 440 980 intra
471 950 503 979 et
531 950 627 980 extra
657 956 768 979 muros
798 948 891 988 sitas,
921 945 961 978 ad
990 945 1109 979 dictam
1138 949 1302 980 ciuitatem
1332 948 1547 991 pertinentes,
1569 944 1629 979 sub
1659 945 1720 978 bac
1741 949 1849 978 tamen
1871 943 1988 984 forma,
2010 942 2095 988 quod

248 1006 400 1041 ammodo
430 1006 470 1040 de
498 1017 699 1051 vnaquaque
727 1017 840 1040 marca
869 1016 1004 1052 census,
1033 1017 1096 1052 que
1125 1006 1165 1040 de
1195 1010 1338 1052 presenti
1368 1017 1428 1051 per
1456 1017 1698 1052 quemcumque
1740 1004 1940 1051 possidetur,
1978 1007 2033 1036 aut
2062 1006 2093 1036 in

247 1072 345 1101 antea
373 1066 596 1113 possidebitur
624 1070 656 1100 in
684 1066 778 1100 bonis
808 1066 895 1100 dicte
923 1069 1077 1109 ciuitatis,
1108 1078 1172 1100 non
1202 1067 1275 1113 plus
1304 1078 1400 1112 quani
1430 1067 1604 1101 duodecim
1633 1077 1771 1111 grossos
1807 1076 1867 1111 pro
1895 1067 1983 1098 omni
2008 1064 2096 1097 ciuili

246 1139 306 1162 seu
335 1130 477 1162 ciuitatis
508 1138 611 1162 onere
639 1126 739 1161 debet
779 1131 811 1161 et
853 1126 1017 1160 tenebitur
1058 1128 1198 1172 singulis
1242 1130 1336 1162 annis
1378 1130 1410 1161 in
1453 1131 1583 1161 statutis
1626 1129 1774 1160 terminis
1816 1136 1995 1172 possessor
2022 1124 2097 1158 talis

248 1199 372 1224 marce.
410 1188 470 1222 sub
505 1200 591 1234 pena
626 1188 715 1222 ciuili
756 1187 886 1222 ciuibus
914 1188 987 1222 loco
1016 1191 1208 1222 exaccionis
1238 1191 1423 1233 assignare.
1455 1188 1651 1222 Mandamus
1680 1190 1778 1232 igitur
1805 1186 1981 1226 aduocato,
2010 1196 2097 1218 con-

249 1249 373 1284 sulibus
402 1254 434 1282 et
461 1252 589 1291 iuratis,
618 1251 672 1294 qui
700 1260 788 1283 nunc
815 1253 890 1282 sunt
920 1248 970 1281 uel
1000 1259 1059 1294 pro
1088 1253 1238 1294 tempore
1265 1248 1398 1292 fuerint,
1429 1248 1577 1282 fidelibus
1606 1251 1730 1282 nostris
1767 1247 1906 1287 dilectis,
1936 1250 2096 1291 quatenus

249 1310 326 1343 nulli
356 1320 500 1355 persone
529 1314 593 1343 tam
623 1310 867 1352 ecclesiastice,
899 1320 994 1355 quam
1024 1309 1200 1352 mundane,
1231 1309 1415 1344 huiusmodi
1444 1320 1566 1344 census
1591 1320 1693 1343 onera
1714 1307 1973 1354 possidentibus,
1994 1306 2097 1340 indul-

249 1375 362 1415 geant,
391 1381 454 1404 nec
483 1371 652 1412 relaxent,
682 1375 777 1416 prout
807 1374 952 1404 nostram
980 1373 1128 1414 graciam
1159 1375 1189 1403 et
1219 1381 1333 1404 eorum
1363 1370 1478 1404 melius
1522 1370 1670 1414 dilligunt
1712 1379 1926 1403 conseruare.
1974 1367 2096 1401 Harum

251 1436 450 1474 nostrarum,
480 1430 597 1476 quibus
627 1431 767 1475 sigillum
798 1435 942 1465 nostruin
972 1435 1023 1464 est
1051 1441 1246 1477 appensum,
1275 1434 1464 1465 testimonio
1494 1431 1672 1464 literarum.
1713 1429 1832 1462 Datum
1862 1439 1948 1462 anno
1977 1429 2097 1461 domini

252 1492 424 1526 millesimo
453 1494 712 1525 trecentessimo
741 1494 1017 1537 quinquagesimo
1047 1496 1175 1537 quarto.
1206 1495 1237 1525 in
1267 1495 1415 1525 crastino
1445 1494 1550 1525 sancti
1578 1490 1742 1534 Mauricij.

559 1567 653 1606 (Orig.
680 1571 716 1596 im
740 1570 864 1596 Archivc
890 1570 940 1595 dei·
963 1570 990 1597 k.
1016 1570 1099 1595 stadt
1125 1570 1262 1604 Olmfitz.)

1126 1691 1153 1725 2
1162 1691 1182 1725 ἵ
1192 1690 1229 1725 S.

963 1769 1021 1803 29.
1052 1767 1253 1813 September
1283 1768 1393 1803 1354.

410 1827 594 1881 Rudolfus
625 1847 692 1880 dux
713 1846 869 1880 Saxoniae
890 1846 1020 1892 Imperii
1040 1847 1167 1880 elector
1187 1847 1359 1881 confirmat
1380 1846 1603 1880 venditionem
1624 1849 1807 1879 castrorum
1827 1844 2013 1878 Hoenstein
2035 1845 2096 1877 &e

255 1907 308 1941 Dt.
339 1906 455 1952 Pragae
487 1907 582 1942 1354
613 1910 644 1941 in
672 1907 759 1941 festo
788 1919 814 1941 s.
842 1906 1013 1941 Michaelis
1042 1906 1244 1952 archangeli.
1274 1906 1367 1952 (Vid.
1390 1906 1446 1940 Nr.
1469 1907 1572 1952 253.)

564 1985 639 2021 [Ans
663 1986 760 2013 Privil.
786 1986 857 2020 Reg.
882 1986 999 2012 Bohem.
1024 1986 1154 2012 Manusk.
1179 1986 1257 2020 Sign.
1283 1987 1320 2012 M.
1346 1987 1410 2012 VII.
1436 1986 1483 2017 23,
1509 1986 1569 2011 Fol.
1594 1984 1698 2019 375sb,
1722 1985 1759 2010 im
1782 1981 2062 2019 Laudes-Archive,)

258 2080 504 2115 Anmerkung.
531 2081 596 2107 Von
626 2081 790 2107 demselben
823 2082 937 2115 Herzog
968 2081 1078 2107 Rudolf
1107 2082 1218 2107 existirt
1249 2082 1321 2107 noch
1352 2081 1414 2106 eine
1448 2080 1585 2107 Urkunde
1618 2080 1646 2105 in
1677 2080 1770 2105 dieser
1794 2078 2027 2113 Angclegenheit
2051 2085 2100 2102 aus

464 2131 631 2158 demselben
660 2132 750 2158 Jahre
787 2132 891 2165 jedoch
930 2136 1011 2158 nnter
1045 2133 1108 2158 dein
1148 2134 1273 2159 Datum:
1309 2133 1354 2158 die
1390 2132 1532 2158 dominica
1563 2140 1619 2166 qua
1654 2134 1787 2158 cantatur
1810 2131 1917 2156 Letare
1941 2129 2101 2155 Jerusalem

463 2185 490 2210 d.
514 2185 531 2209 i.
557 2184 605 2210 23.
630 2184 718 2210 Mfirz.

1132 2279 1236 2314 279.

260 2357 649 2390 A'nlariatsinstrument
678 2356 760 2390 iiber
787 2357 849 2390 den
877 2367 940 2390 τοι)
969 2358 1029 2391 der
1064 2358 1191 2400 Psarre
1226 2359 1259 2390 in
1295 2357 1440 2402 Auspitz
1474 2357 1658 2402 qezalzlten
1696 2355 1914 2401 papstliclzen
1950 2353 2094 2386 Zelient.

878 2418 937 2452 Dt.
970 2417 1101 2452 Olmz‘c'tz
1132 2417 1168 2452 8.
1200 2417 1350 2452 Oktober
1379 2417 1489 2452 1354.

442 2476 488 2531 ln
517 2496 658 2532 Nomine
687 2497 808 2531 domini
838 2507 945 2531 amen.
978 2497 1078 2531 Anno
1107 2499 1286 2531 natiuitatis
1316 2495 1465 2531 eiusdem
1493 2495 1668 2530 Millesimo
1696 2492 1972 2530 Trencentesimo
1998 2491 2109 2534 Quin-

262 2560 456 2601 quagesimo
487 2562 606 2604 quarto
635 2557 827 2592 Indiccione
855 2557 929 2601 vll,
960 2557 1012 2591 die
1040 2556 1131 2592 VIII.
1162 2560 1285 2592 mensis
1322 2556 1476 2591 Octobris
1513 2557 1593 2591 hora
1631 2558 1724 2601 quasi
1754 2559 1863 2598 sexta,
1893 2552 2108 2588 Pontificatus
