2206 2735
1066 90 1112 124 24

1056 202 1130 238 ⁴13.

157 288 261 322 ..Ves‘clt
290 288 354 320 mid
383 287 483 320 Alse'li
513 300 575 321 ron
606 288 706 322 Suel(-
744 289 810 322 und
837 288 912 323 i'lere
943 289 1078 323 Brilder
1111 289 1297 322 seliliessen
1336 289 1412 322 eine
1445 288 1711 333 Uebereinlcmist
1745 288 1923 334 bezilqliclc
1957 289 2018 324 der

269 348 484 392 seru-allium
514 348 605 382 ilii-er
636 348 812 393 Erquei·
839 351 898 383 nu't
927 350 1049 394 Hynelc
1078 361 1141 383 ron
1172 349 1322 394 Bisa-tric.
1364 348 1421 382 Di.
1447 349 1579 384 Olmulz
1605 351 1660 384 die
1689 349 1719 384 b.
1751 349 1916 384 Ludmille

893 409 976 452 (16.
1007 410 1150 455 Septb.)
1186 410 1293 444 1350.

317 483 405 537 Ros
433 503 536 537 Jesco
569 503 610 537 de
640 503 815 542 Suschitz.
851 504 1014 539 Alschico
1043 516 1116 538 euin
1148 504 1302 539 frutribus
1331 508 1411 547 suis,
1448 505 1502 539 filii
1531 504 1697 550 quondam
1735 505 1858 540 domini
1888 504 2019 540 Alberti

158 564 198 597 de
229 563 383 610 Bystricz
413 564 518 599 felicis
547 565 809 599 recordacionis.
840 565 1131 610 Recognoscimus
1170 569 1285 600 tenore
1323 569 1534 612 presencium
1564 567 1744 600 vniuersis.
1801 565 1896 607 Quod
1934 569 2021 600 inter

159 624 336 659 honestum
368 629 474 659 virum
505 625 672 659 dominum
703 625 891 660 llinkonein
929 626 970 660 de
1005 626 1160 672 Bystricz
1194 631 1345 672 patruum
1384 631 1533 661 nostrum
1571 637 1615 660 ex
1650 637 1733 669 vna,
1773 631 1806 661 et
1843 630 1928 661 iuter
1955 637 2018 662 nos

158 689 252 730 parte
287 696 329 719 ex
371 686 475 720 altera
512 685 692 719 concordia
727 685 814 720 facta
851 691 902 720 est
934 691 967 720 et
1004 686 1176 721 ordinacio
1206 688 1290 721 talis.
1347 687 1442 728 Quod
1472 687 1558 721 idem
1588 687 1741 721 dominus
1771 686 1881 721 Hinko
1909 690 2019 722 omnia

158 745 245 780 bona
276 746 479 780 hereditaria
508 758 582 780 cuin
612 756 726 780 eorum
756 747 973 793 prouentibus
1003 758 1062 781 seu
1093 747 1285 782 vtilitaubus
1315 759 1374 793 per
1399 747 1565 782 dominum
1586 747 1762 782 Albertum
1791 747 2017 794 supradictum

158 806 314 842 dimissa.
357 806 610 853 quibuscunque
645 811 830 841 censentur
865 807 1070 850 nominibus⁷
1110 813 1224 854 preter
1261 808 1451 843 dotalicium
1491 808 1623 843 domine
1661 835 1668 842 .
1707 835 1715 843 .
1751 808 1869 843 relicte
1897 808 2020 843 domini

158 867 286 901 Alberti
316 868 468 913 predicti.
499 867 599 901 debet
628 872 754 901 tenere.
785 871 843 911 vii,
874 867 937 902 frui
966 873 999 902 et
1028 869 1216 915 possidere,
1247 881 1321 903 cuin
1351 872 1463 915 pueris
1493 880 1554 904 seu
1583 868 1761 904 heredibus
1790 869 1868 903 dicti
1898 869 2020 904 domini

159 928 289 962 Alberti
320 928 457 963 relictis.
497 938 581 974 quos
610 931 682 974 ipse
711 931 742 962 iu
774 931 844 963 suis
873 932 1037 976 expensis
1074 933 1174 964 etiam
1205 929 1302 964 debet
1331 930 1470 973 habere,
1506 941 1524 964 a
1560 930 1612 965 die
1648 930 1735 964 beau
1765 930 1898 965 Martini
1933 940 2020 964 con—-

160 988 299 1023 sessoris
328 991 481 1034 proxime
511 992 654 1023 instante
690 989 729 1023 ad
761 994 830 1024 tres
866 1001 984 1033 annos,
1020 991 1118 1037 piene
1147 995 1177 1024 et
1207 994 1362 1025 continue
1397 991 1579 1033 reuolutus.
1610 995 1714 1037 ipsam
1745 995 1843 1025 etiam
1873 993 1904 1024 in
1935 990 2021 1025 dicta

159 1053 375 1095 possessione
405 1052 624 1095 promittimus
653 1050 739 1085 bona
769 1050 833 1085 side
862 1055 978 1086 nostra
1007 1062 1073 1085 non
1102 1052 1252 1098 inpedire
1282 1055 1434 1098 exceptis
1464 1052 1671 1095 militaiibus„
1702 1063 1766 1098 que
1794 1055 1955 1086 eueniunt
1982 1051 2023 1086 de

159 1113 335 1157 equirreiS.
365 1115 396 1144 et
427 1110 466 1144 de
496 1111 602 1154 siluis,
633 1112 706 1146 illas
736 1112 896 1147 virilitates
925 1115 1019 1159 pueri
1049 1123 1109 1147 seu
1140 1112 1283 1147 heredes
1312 1113 1492 1159 supradicti
1531 1113 1653 1147 domini
1683 1112 1812 1147 Alberti
1847 1115 2023 1159 percipere

159 1177 192 1206 et
220 1175 253 1206 iu
281 1183 361 1207 suos
390 1184 473 1207 vsus
503 1177 707 1208 convertere
736 1172 859 1207 debent
887 1177 921 1207 et
948 1178 1118 1208 tenentur.
1175 1172 1301 1214 Quibus
1331 1176 1426 1208 annis
1462 1176 1512 1208 sic
1541 1174 1640 1219 plene
1668 1174 1841 1212 reuolutis,
1871 1177 1899 1208 si
1928 1175 2021 1220 pueri

160 1233 258 1267 iidem
287 1245 361 1267 cuni
392 1233 526 1268 domino
556 1233 713 1268 Hinkone
742 1234 934 1280 supradicto
964 1234 1094 1268 diucius
1123 1245 1262 1268 manere
1291 1234 1468 1271 voluerint.
1511 1239 1588 1268 tunc
1627 1234 1753 1268 diucius
1792 1245 1908 1268 eorum
1936 1233 2022 1268 bona

161 1294 260 1328 debet
291 1298 450 1331 retinere.
480 1298 506 1328 si
536 1306 602 1329 non
633 1299 711 1328 tunc
740 1297 812 1341 ipse
841 1294 996 1330 dominus
1016 1294 1127 1329 llinko
1157 1294 1254 1329 dehet
1283 1298 1363 1341 ipsis
1392 1297 1504 1341 pueris
1534 1298 1642 1329 statim
1667 1306 1782 1330 eorum
1803 1294 1889 1329 bona
1910 1297 2024 1329 omni-

159 1355 257 1389 mode
287 1360 384 1401 prout
414 1359 518 1390 tenuit
546 1366 735 1390 econuerso
763 1358 941 1400 resignare
970 1361 1003 1390 et
1032 1359 1208 1391 restituere
1237 1360 1301 1390 tam
1332 1355 1430 1397 bona,
1460 1358 1545 1390 sicut
1574 1356 1709 1390 suerunt
1727 1367 1800 1390 cum
1823 1367 1860 1390 se
1881 1355 1922 1389 de
1941 1358 2023 1402 ipsis

160 1419 348 1450 intromisit.
378 1416 419 1450 Et
448 1427 509 1450 nos
539 1416 656 1451 Witko
686 1416 956 1460 archidiaconus„
986 1416 1181 1451 Herbordus
1210 1419 1394 1451 canonicus
1424 1416 1571 1451 ecclesie
1602 1416 1849 1460 Olomucensis‚
1888 1416 2023 1451 Raczco

161 1476 202 1510 de
232 1477 341 1520 dolam
372 1476 465 1511 Mixo
494 1477 535 1511 de
565 1477 732 1524 Bystricz‚
763 1482 794 1511 et
822 1477 1004 1512 Henslinus
1033 1477 1075 1511 de
1095 1477 1256 1523 doleplas.
1287 1477 1472 1511 huiusmodi
1503 1477 1684 1512 concordie
1712 1480 1762 1512 sic
1790 1477 1880 1512 facte
1909 1488 2024 1512 sumus

160 1542 279 1580 testes„
310 1542 342 1571 et
372 1540 403 1571 in
433 1541 654 1572 testimonium
685 1538 795 1583 sigilla
823 1542 938 1572 nostra
968 1538 1007 1572 ad
1038 1541 1224 1584 peticiones
1244 1549 1359 1572 eorum
1380 1538 1591 1584 presentibus
1613 1538 1768 1573 duximus
1788 1537 2022 1584 appendenda.

160 1597 281 1632 Datum
312 1598 486 1639 Olomucii.
516 1601 549 1632 in
579 1598 633 1632 die
661 1598 758 1633 beate
786 1598 946 1633 Ludmille
975 1601 1119 1633 martiris
1148 1599 1268 1632 electe.
1300 1601 1400 1632 Anno
1422 1598 1545 1632 domini
1566 1599 1754 1642 millesimo,
1785 1601 2024 1633 trecentesimo

161 1661 450 1705 quinquagesimo.

475 1730 580 1764 (Copie
603 1730 677 1756 nach
702 1731 766 1756 dem
792 1731 924 1765 Original
947 1731 976 1756 in
1001 1731 1052 1757 der
1078 1730 1147 1758 Boe.
1174 1730 1232 1765 Slg.
1259 1731 1308 1758 Nr.
1335 1730 1421 1768 365.)

1061 1877 1135 1912 ⁴7.

316 1952 404 2006 Die
433 1970 528 2005 stadt
555 1971 647 2006 Laun
685 1971 867 2019 bekenuet7
903 1972 982 2007 dass
1020 1976 1070 2007 sie
1106 1972 1186 2007 Karl
1215 1972 1274 2007 lV.
1312 1972 1590 2017 erstgeborenem
1627 1972 1743 2007 Sohne
1779 1971 1925 2005 Wenzel
1960 1970 2023 2005 den

162 2031 395 2076 Hoinagialeid
430 2032 587 2077 geleistet
624 2032 720 2067 habe.
765 2023 831 2067 Di.
863 2032 956 2067 sabb.
987 2036 1141 2080 proximo
1177 2038 1253 2067 ante
1282 2034 1303 2067 s.
1335 2033 1365 2067 b.
1396 2033 1520 2067 Mathei
1558 2036 1678 2080 Apost.
1709 2036 1742 2066 et
1769 2032 1902 2077 Evang.
1941 2031 1971 2066 d.
2002 2035 2023 2066 i.

163 2092 222 2127 18.
255 2091 456 2139 September
489 2092 596 2127 1350.

472 2168 548 2209 (Aus
574 2172 673 2200 Privil.
699 2172 771 2206 Reg.
798 2173 869 2200 Boh.
896 2173 1027 2200 Manusk.
1053 2173 1089 2198 ini
1115 2173 1349 2199 Landesarchive
1375 2173 1429 2206 sig.
1458 2174 1494 2200 M,
1522 2174 1583 2200 ΥΠ,
1610 2172 1660 2200 ⁴28.
1685 2180 1751 2206 pag.
1781 2170 1863 2208 lii-3.)

1058 2328 1131 2362 45.

317 2402 405 2456 Die
434 2422 530 2456 Stadt
558 2421 696 2456 Kourim
726 2422 911 2465 hekennet‚
948 2422 1026 2457 dass
1064 2426 1114 2457 sie
1142 2422 1221 2457 Karl
1250 2422 1306 2456 lv.
1337 2422 1611 2467 erstgeborenem
1643 2422 1758 2456 Solme
1790 2421 1931 2455 Wenzel
1960 2420 2023 2455 den

164 2481 395 2526 Homagialeid
424 2482 581 2527 geleisiet
610 2482 706 2517 habe.
738 2483 790 2517 Di.
822 2484 874 2517 die
902 2482 1026 2517 Mathei
1056 2485 1176 2529 Apost.
1208 2488 1239 2516 et
1268 2483 1400 2528 Evang.
1430 2483 1459 2516 d.
1487 2486 1507 2516 i.
1540 2482 1599 2517 21.
1632 2481 1831 2528 September
1862 2481 1971 2516 1350.

476 2570 549 2603 (Ans
578 2570 674 2598 Privil.
700 2570 772 2604 Reg.
798 2570 870 2596 Boh.
897 2571 1028 2597 Manusk.
1055 2571 1091 2596 im
1118 2572 1334 2598 Landesarcbiv
1359 2571 1412 2604 sig.
1438 2571 1473 2595 M.
1499 2570 1563 2597 VII.
1591 2570 1639 2597 28.
1665 2578 1731 2603 pag.
1760 2570 1816 2594 102
1835 2569 1877 2607 h.)
