2206 2735
1049 54 1096 89 74

139 174 172 204 et
199 169 240 204 de
269 181 331 215 qua
360 171 522 214 cuiusque
551 172 619 202 toto
648 171 766 202 tenore
799 166 952 201 babenda
982 171 1023 202 sit
1055 171 1086 202 in
1117 172 1239 202 nostris
1269 169 1385 202 litteris
1424 173 1546 203 mentio
1580 169 1745 215 specialis.
1806 168 1889 203 Nulli
1920 180 2002 214 ergo

139 232 200 265 dcc.
232 235 343 264 nostre
373 230 617 262 reservationis
646 227 854 262 inhibitionis
883 233 915 262 et
943 232 1189 264 constitutionis
1219 229 1404 273 infringere
1431 232 1492 263 o'cc.
1540 229 1657 264 Datum
1695 230 1869 265 Avinione
1907 231 2003 266 Xllll

140 290 307 326 Kalendas
337 287 545 336 Septembris
574 289 676 323 Anno
706 288 818 323 Nono.

449 367 523 404 (Aua
547 368 603 393 den
627 368 707 401 Orig.
733 367 807 402 Reg.
834 368 967 394 Clemens
993 368 1040 396 Vl.
1068 368 1115 395 lib.
1142 369 1168 397 3.
1194 377 1260 402 pars
1291 371 1312 395 1,
1331 369 1415 402 epist.
1433 368 1502 397 2²12,
1521 377 1585 403 pag.
1606 369 1664 400 7⁶3
1690 369 1835 395 vidiinirte
1854 369 2005 397 Abaehrift

553 420 589 445 im
615 419 874 455 bundeni-chive.)

1026 549 1126 585 los.

140 628 249 673 Paps!
289 627 444 662 Clemens
487 627 540 662 ΓΙ.
581 629 746 661 re’sercirt
784 629 850 672 (ms
880 627 1038 661 Felrbitte
1076 627 1205 661 Kaiser
1242 627 1333 661 Karl
1371 627 1429 661 [Γ.
1465 629 1523 671 [111-
1569 627 1631 661 den
1671 628 1805 673 Prayer
1846 630 2005 665 Priester

141 688 309 723 Nicolaus
346 690 422 723 eine
461 700 531 723 rom
575 687 845 722 Tiscltnowilz-er
881 683 1161 722 Nonnenlsloster
1197 700 1237 721 zu
1269 688 1486 722 ver-leikemle
1523 688 1685 732 Psremde.
1745 689 1803 724 Dt.
1845 691 2005 736 Aviquon

896 749 953 783 19.
985 749 1123 794 Auyust
1154 748 1264 784 1351.

332 827 475 879 'demens
514 844 702 892 Episcopus
741 844 873 879 Servus
910 845 1096 880 Servorum
1135 845 1195 879 Dei
1236 845 1365 879 Dilecto
1409 845 1473 879 11110
1519 844 1656 879 Nicolao
1700 845 1832 879 Martini
1874 845 2005 880 Clerico

143 906 287 951 Pragen.
319 905 474 939 Diocesis
504 905 652 939 Salutem
681 910 715 939 et
744 906 978 951 Apostolicam
1008 905 1294 940 Benedictionem.

296 966 477 1001 Laudabile
505 969 727 1001 testimonium
759 967 846 1012 quod
875 967 931 1001 tibi
961 966 1047 1013 apud
1077 977 1138 1000 1105
1168 966 1208 1000 (10
1237 966 1414 1001 honestate
1443 978 1568 1001 morum
1599 971 1629 1001 01
1659 971 1726 1001 vite
1763 968 1903 1013 aliisque
1931 970 2006 1002 vir-

143 1032 244 1062 tutum
273 1030 398 1061 meritis
427 1026 632 1074 perhibetur,
662 1027 908 1061 rationabiliter
936 1038 997 1062 nos
1027 1027 1153 1061 inducit
1181 1033 1215 1062 ut
1244 1028 1283 1061 ad
1319 1039 1497 1075 personam
1536 1033 1624 1062 tuam
1658 1028 1844 1075 apostolice
1883 1031 2006 1075 provi-

143 1091 246 1123 sionis
282 1087 454 1122 dexteram
493 1088 726 1122 extendamus.
771 1087 934 1122 Volentes
977 1091 1088 1134 itaque
1126 1088 1182 1122 tibi
1218 1091 1456 1135 premissorum
1494 1091 1684 1123 meritorum
1723 1093 1852 1123 tuorum
1890 1091 2008 1124 intuitu

141 1160 204 1183 nec
233 1160 299 1183 non
327 1149 600 1183 consideratione
629 1149 802 1183 Carissimi
833 1151 865 1183 111
896 1148 1026 1183 Christo
1056 1149 1110 1183 filii
1139 1153 1242 1183 nostri
1272 1149 1386 1184 Karoli
1414 1150 1640 1184 Romanorum
1671 1154 1702 1183 et
1732 1150 1869 1184 Boemie
1900 1149 2006 1195 Regis

142 1209 282 1244 lllustris
311 1220 371 1256 pro
401 1214 432 1244 te
461 1221 564 1256 super
593 1209 655 1244 1100
683 1209 782 1244 1101115
813 1210 976 1244 humiliter
1015 1211 1232 1256 supplicantis
1267 1214 1408 1255 gratiam
1444 1211 1557 1245 facere
1591 1211 1772 1258 specialem
1808 1210 2006 1245 beneficium

142 1271 408 1305 ecclesiasticum
437 1281 511 1305 cuin
541 1282 621 1305 cura
651 1271 704 1305 vel
735 1274 810 1305 sine
839 1282 917 1305 cura
947 1276 1145 1305 consuetum
1175 1271 1306 1305 clericis
1326 1271 1534 1306 secularibus
1554 1275 1731 1317 assignari.
1762 1274 1856 1305 0111115
1878 1271 2008 1305 fructus

142 1331 289 1366 redditus
318 1336 351 1366 et
378 1336 562 1378 proventus
591 1334 618 1366 si
647 1342 722 1366 cum
752 1343 832 1366 cura
861 1334 1128 1378 vigintiquinque
1158 1334 1184 1366 si
1222 1343 1306 1366 vero
1343 1336 1416 1366 5100
1453 1344 1532 1366 cura
1569 1332 1667 1367 fuerit
1703 1333 1820 1366 decem
1860 1336 1893 1365 et
1931 1335 2008 1366 octo

143 1391 354 1426 Marcharum
385 1395 515 1437 argenti
544 1393 727 1427 seeundum
760 1395 965 1427 taxationem
1004 1392 1133 1426 decime
1170 1393 1318 1427 valorem
1352 1404 1494 1427 annuum
1531 1404 1596 1427 non
1633 1393 1819 1428 excedant.
1850 1397 2008 1439 spectans

142 1455 364 1487 communiter
392 1452 447 1487 vel
476 1453 608 1487 divisim
646 1453 685 1487 ad
724 1454 937 1487 collationem
977 1456 1206 1500 provisionem
1242 1454 1296 1487 vel
1331 1457 1627 1500 presentationem
1663 1465 1723 1488 seu
1762 1463 2007 1499 quamcumque

144 1513 240 1547 aliam
283 1513 534 1559 dispositionem
577 1514 771 1548 dilectarum
814 1516 846 1548 111
885 1513 1018 1548 Christo
1054 1514 1193 1549 tiliarum
1224 1543 1258 1549 ..
1291 1514 1473 1549 Abbatisse
1510 1520 1541 1548 et
1578 1514 1775 1549 Conventus
1812 1514 2009 1548 Monasterii

143 1574 441 1608 sanctimonialium
469 1577 501 1609 in
531 1574 663 1609 Tussua
702 1574 778 1608 Vitz
817 1575 1014 1609 Cistercien.
1053 1574 1187 1610 Ordinis
1225 1575 1421 1610 Oloinucen.
1459 1575 1605 1609 diocesis
1641 1579 1666 1609 si
1706 1575 1792 1622 quod
1832 1580 1931 1610 vacat
1966 1574 2008 1608 ad

143 1645 286 1681 presens
315 1635 370 1670 vel
399 1647 473 1670 cum
503 1639 679 1670 vacaverit
706 1636 791 1681 quod
822 1640 855 1670 tu
884 1647 944 1682 per
972 1640 1003 1669 te
1035 1637 1087 1670 vel
1117 1641 1367 1682 procuratorem
1397 1641 1485 1670 tuum
1515 1636 1553 1670 ad
1585 1636 1647 1669 boc
1690 1636 1837 1681 legitime
1876 1637 2008 1669 0011511-

143 1700 245 1730 tutum
276 1696 360 1731 infra
390 1700 488 1732 unius
517 1700 642 1732 mensis
671 1700 815 1744 spatium
845 1702 1019 1744 postquam
1050 1697 1107 1731 tibi
1136 1698 1189 1731 vel
1226 1697 1333 1731 eidem
1371 1700 1577 1744 procuratori
1611 1700 1744 1731 vacatio
1780 1697 1865 1731 illius
1905 1699 2008 1731 inno-

146 1759 243 1791 tuerit
272 1757 410 1792 duxeris
445 1758 699 1804 acceptandum,
739 1757 981 1792 conferendum
1019 1757 1075 1792 tibi
1110 1762 1184 1804 post
1221 1761 1485 1804 acceptationem
1520 1757 1706 1792 huiusmodi
1744 1769 1819 1792 cum
1854 1757 2008 1793 omnibus

144 1816 271 1851 iuribus
312 1822 345 1851 et
385 1820 596 1864 pertinentiis
639 1822 708 1853 suis
746 1819 917 1853 donationi
953 1819 1136 1865 apostolice
1172 1830 1386 1854 reservamus
1429 1819 1607 1853 districtius
1645 1818 1832 1853 inhibentes
1879 1818 2009 1853 eisdem

146 1877 325 1913 Abbatisse
355 1884 387 1912 et
417 1879 602 1914 Conventui
632 1891 674 1913 ne
704 1879 744 1913 de
774 1880 862 1914 dicto
899 1878 1063 1914 beneficio
1100 1883 1230 1914 interim
1266 1883 1365 1914 etiam
1403 1884 1478 1914 ante
1516 1883 1781 1926 acceptationem
1818 1878 2008 1914 huiusmodi

147 1942 208 1972 11151
237 1945 412 1987 postquam
442 1944 490 1974 eis
520 1943 705 1974 constiterit
735 1941 822 1985 quod
852 1946 883 1975 tu
914 1941 967 1974 vel
996 1946 1194 1987 procurator
1220 1942 1388 1986 predictus
1410 1940 1493 1975 illud
1513 1942 1686 1975 nolueritis
1708 1946 1899 1987 acceptare.
1930 1940 2007 1974 dis-

146 2009 273 2045 ponere
302 2001 534 2047 quoquomodo
562 2006 766 2047 presumant,
798 2012 839 2035 ac
868 2002 1091 2036 decernentes
1120 2013 1255 2036 exnunc
1284 2005 1410 2036 irritum
1441 2006 1472 2035 et
1501 2005 1599 2036 inane
1628 2005 1656 2036 si
1686 2012 1785 2036 secus
1817 2012 1918 2048 super
1947 2001 2009 2035 biis

146 2070 165 2093 a
194 2071 357 2107 quoquam
387 2065 506 2108 quavis
536 2065 732 2096 auctoritate
763 2066 910 2096 scienter
938 2063 992 2095 vel
1021 2064 1218 2107 ignoranter
1247 2066 1423 2107 contigerit
1452 2066 1649 2109 attemptari.
1693 2062 1766 2096 Non
1799 2061 2007 2097 obstantibus

147 2122 176 2154 51
205 2120 303 2167 aliqui
332 2133 434 2168 super
462 2122 712 2169 provisionibus
742 2123 803 2157 sihi
833 2122 995 2156 faciendis
1025 2123 1066 2156 de
1094 2122 1281 2157 huiusmodi
1309 2123 1362 2157 vel
1393 2124 1464 2157 aliis
1492 2123 1665 2158 beneficiis
1703 2122 1945 2157 ecclesiasticis
1973 2125 2007 2157 in

146 2179 210 2214 illis
237 2181 386 2226 partibus
415 2183 583 2228 speciales
612 2183 666 2216 vel
694 2184 876 2228 generales
906 2183 1091 2229 apostolice
1121 2183 1210 2218 sedis
1239 2184 1293 2218 vel
1324 2184 1505 2229 legatorum
1536 2187 1607 2218 01115
1636 2184 1759 2217 litteras
1802 2185 2008 2229 impetrarint:

147 2243 276 2275 etiamsi
306 2253 366 2288 per
393 2254 452 2277 eas
482 2243 522 2277 ad
550 2242 780 2277 inhibitionem
810 2246 1076 2278 reservationem
1108 2249 1141 2278 et
1169 2244 1337 2278 decretum
1367 2245 1421 2278 vel
1450 2245 1531 2279 alias
1569 2243 1816 2290 quomodolibet
1854 2247 1895 2278 sit
1922 2254 2006 2290 pro-

147 2312 293 2337 cessum.
324 2303 441 2348 quibus
469 2304 622 2338 omnibus
651 2309 864 2351 preterquam
895 2307 1092 2338 auctoritate
1120 2309 1234 2339 nostra
1264 2305 1448 2340 huiusmodi
1487 2304 1647 2339 beneficia
1688 2303 1945 2351 expectantibus
1974 2309 2006 2338 te

147 2366 180 2397 in
209 2363 394 2398 huiusmodi
422 2364 575 2399 beneficii
605 2369 819 2399 assecutione
848 2366 1002 2400 volumus
1032 2364 1204 2409 anteferri,
1235 2366 1294 2400 sed
1322 2366 1445 2400 nullum
1474 2377 1534 2411 per
1562 2365 1624 2399 boc
1654 2368 1702 2399 eis
1740 2376 1803 2412 quo
1833 2365 1871 2398 ad
1902 2376 2006 2399 asse-

147 2426 315 2458 cutionem
345 2425 482 2459 aliorum
512 2425 750 2459 beneficiorum
780 2426 998 2472 preiudicium
1028 2430 1196 2471 generari.
1228 2427 1294 2461 Aut
1323 2429 1350 2460 si
1379 2426 1505 2460 eisdem
1535 2425 1717 2460 Abbatisse
1753 2430 1784 2459 et
1819 2426 2009 2459 1Ῡοονοηῐυί

148 2485 203 2518 vel
237 2485 407 2531 quibusvis
444 2485 515 2520 aliis
551 2489 770 2520 communiter
807 2487 861 2521 vel
891 2487 1021 2521 divisim
1052 2486 1091 2520 ab
1121 2487 1238 2521 eadem
1258 2490 1300 2521 sit
1319 2487 1399 2521 sede
1420 2486 1589 2528 indultum,
1611 2486 1696 2532 quod
1719 2486 1757 2519 ad
1780 2490 2005 2532 receptionem

147 2545 202 2579 vel
232 2548 457 2591 provisionem
487 2547 626 2580 alicuius
654 2550 788 2580 mininie
817 2551 995 2582 teneantur
1022 2552 1055 2581 et
1083 2547 1122 2581 ad
1151 2547 1182 2581 id
1211 2547 1364 2594 compelli
1394 2558 1459 2581 non
1488 2551 1627 2593 possint.
1649 2548 1803 2592 quodque
1824 2547 1866 2580 de
1886 2548 2005 2581 buius-
