2206 2735
1135 67 1203 102 ‘231

251 179 475 213 molendinum
510 183 667 213 structum
705 182 735 211 in
780 179 876 212 litore
918 190 1014 223 aquc‚
1058 190 1121 223 que
1152 179 1276 213 Oslaua
1305 182 1570 224 cognominatur,
1612 184 1706 214 situm
1736 181 1796 215 sub
1826 184 1959 214 ciuitate
1988 181 2097 216 Broda

247 243 338 285 prius
367 239 464 282 dicta5
506 239 586 272 ,lure
621 240 839 284 patrimoniali
876 239 1025 273 Racione
1060 244 1250 274 testamenti
1280 240 1320 273 ab
1350 252 1412 273 cuo
1441 241 1557 286 puerili
1587 241 1628 274 ad
1657 252 1709 274 me
1738 242 1938 284 deuolutum7
1983 240 2093 286 Ortos‚

248 301 362 344 Agros
392 303 452 346 ipsi
490 298 681 333 Molendino
717 299 909 333 adiacentes
950 310 1012 332 nec
1046 311 1112 334 non
1141 312 1242 334 vnum
1271 305 1402 346 pratum
1431 312 1534 346 prope
1564 301 1676 334 villam
1707 301 1985 348 Suclionempczi.,
2033 314 2095 347 que

250 360 475 406 Gaumpsdors
500 360 565 393 alio
593 359 761 393 vocabulo
792 360 922 400 dicitur,
959 359 1142 405 Religiosis
1177 363 1259 395 viris
1296 364 1412 395 amicis
1442 363 1525 395 meis
1554 363 1695 395 sinceris
1725 361 1909 396 karissimis
1938 362 2094 397 fratribus

248 421 373 455 ordinis
402 420 646 467 predicatorum
677 420 873 454 Monasterii
911 418 1017 454 Marte
1045 420 1192 466 Virginis
1230 422 1377 466 gloriose
1406 425 1438 455 in
1468 421 1610 455 Ciuitate
1640 421 1749 455 Broda
1778 422 1942 456 antedicta
1970 426 2002 456 in
2032 434 2095 469 quo

248 492 390 528 corpora
420 486 594 527 parentum
624 486 656 515 et
687 481 833 515 affinium
853 492 1001 515 meorum
1029 485 1244 527 requiescunt
1272 493 1448 528 meumque
1469 485 1573 515 eciam
1595 485 1627 515 in
1649 493 1689 516 eo
1709 486 1877 527 respirare
1907 487 2093 529 prot-urani„

247 540 356 587 lagani
405 553 443 575 ac
486 541 607 575 donaui
648 552 779 575 necnon
826 541 1073 575 racionabiliter
1113 546 1146 575 et
1190 546 1253 576 rite
1299 546 1470 587 assignant
1499 548 1573 589 post
1602 548 1895 578 consumacionem
1927 548 1992 578 vite
2021 556 2094 578 mee

248 602 390 636 tenenda
421 611 451 635 et
481 601 630 635 habenda
671 613 745 635 cuin
783 602 923 646 singulis
952 606 984 635 et
1015 606 1180 637 vniuersis
1211 603 1426 638 x‘sisructibus
1456 603 1661 650 temporibus
1692 607 1861 649 perpetuis
1890 604 2093 649 possidenda

246 674 309 696 nec
339 662 378 696 ab
408 666 479 708 ipso
509 662 715 696 Monasterio
753 662 949 708 aliquatinus
986 663 1161 697 alienanda
1190 667 1234 698 ita
1264 668 1385 707 tamen„
1428 664 1514 709 quod
1552 665 1675 698 Ciuitas
1713 664 1821 698 Broda
1853 670 2031 699 memorata
2062 669 2093 699 in

246 723 449 769 recipiendis
488 722 680 756 dat-ionibus
718 725 850 757 vsilatis
895 734 913 756 a
942 723 1113 769 sepedicto
1141 724 1329 758 molendino
1359 725 1479 759 nullum
1511 725 1739 759 detrimentum
1770 728 1900 770 penitus
1931 729 2091 771 pacianum

246 783 294 817 Ea
325 783 557 817 nichilominus
587 783 786 817 condicione
815 785 1014 817 interiuncta
1045 784 1131 830 quod
1158 788 1220 831 ipsi
1248 784 1368 820 fratres
1396 788 1617 831 prenominati
1646 788 1735 819 omni
1765 785 1816 819 die
1845 798 1904 831 per
1933 787 2091 820 circulum

245 855 405 878 annorum
435 847 467 878 in
497 855 550 878 ara
581 845 675 878 Beati
703 844 877 878 Michaelis
907 856 1006 878 vnum
1036 848 1168 880 missam
1198 845 1238 879 ob
1266 846 1447 880 remedium
1477 849 1661 879 animarum
1689 849 1834 880 omnium
1864 846 2091 880 desunt-torum

246 904 461 938 deuotissime
490 904 716 939 celebrabunt.
748 905 1025 939 Anniuersarium
1054 916 1138 940 vero
1168 917 1275 940 meum
1304 917 1520 953 meorumque
1548 910 1797 953 progenitorum
1827 918 1923 940 annis
1954 910 2092 952 singulis

246 976 322 998 cum
349 964 628 1011 subsequentibus
657 966 799 1012 pleniter
826 977 990 1011 peragere
1019 965 1227 1002 tenebuntur.
1284 967 1368 1002 Sunt
1404 972 1515 1001 autem
1550 967 1623 1011 liec‚
1662 979 1724 1013 que
1753 968 1793 1001 ad
1830 971 2093 1002 anniuersariinn

247 1025 367 1059 dictum
397 1030 550 1071 spectare
580 1025 804 1069 dinoscuntur,
836 1025 958 1071 Vigilie
982 1037 1056 1060 cum
1084 1038 1206 1061 nouem
1234 1028 1450 1071 leccionibus,
1480 1039 1540 1074 pro
1562 1033 1754 1073 tegumento
1777 1029 1943 1074 sepulchri
1965 1041 2090 1075 pannus

246 1089 401 1128 sericius7
432 1091 571 1131 quatuor
600 1089 702 1129 ceren
733 1085 886 1120 Officium
923 1085 1030 1121 Misse
1071 1088 1287 1134 solempniter
1330 1088 1572 1134 peragendum7
1620 1094 1760 1134 quatuor
1797 1095 1877 1136 tyne
1914 1094 2090 1131 cei-euisie.¹

245 1149 342 1191 panis
373 1145 412 1179 de
442 1151 580 1191 quatuor
608 1149 757 1180 metretis
787 1149 886 1180 tritici
914 1146 1114 1193 pauperibus
1143 1159 1203 1194 pro
1232 1150 1408 1195 stipendio‚
1431 1149 1607 1183 Tredecim
1636 1162 1812 1196 pauperes.
1843 1150 1959 1196 quibus
1988 1162 2093 1197 pran—

246 1206 334 1240 dium
363 1206 593 1240 ministrabunt
621 1212 653 1241 et
690 1209 867 1253 vnicuique
906 1219 1005 1241 vnum
1041 1220 1180 1254 paruum
1209 1209 1378 1244 denarium
1408 1222 1468 1256 pro
1497 1210 1616 1244 balneo
1645 1211 1833 1255 benigniter
1861 1211 2091 1255 assignabunt.

246 1267 343 1300 Prior
396 1279 527 1313 quoque
581 1267 735 1302 fratribus
781 1268 1054 1303 conuentualibus
1099 1281 1195 1304 vnam
1242 1273 1421 1316 pitanciam
1458 1271 1498 1305 de
1530 1299 1536 1305 .
1568 1299 1575 1306 .
1607 1299 1614 1305 .
1654 1271 1903 1306 habundancius
1942 1272 2094 1316 erogabit

245 1338 441 1372 grossorum
472 1328 693 1364 denariorum.
749 1325 796 1363 Vt
831 1333 939 1362 autem
977 1329 1040 1363 hec
1075 1329 1206 1375 legacio
1234 1342 1293 1365 seu
1324 1331 1519 1366 donacionis
1549 1336 1735 1366 testamenti
1763 1335 1965 1378 protestacio
1995 1333 2094 1366 robur

245 1390 393 1433 optineat
422 1388 608 1432 valiturum„
640 1389 783 1434 sigillum
812 1400 919 1422 meum
950 1390 990 1423 de
1019 1395 1110 1424 certa
1139 1402 1213 1424 mea
1243 1394 1391 1426 sciencia
1419 1393 1630 1438 presentibus
1661 1398 1710 1427 est
1740 1404 1934 1439 appensum.
1973 1393 2091 1428 Datum

244 1453 278 1482 et
317 1453 424 1482 actum
471 1452 502 1483 iu
551 1449 602 1483 die
640 1449 734 1484 Beati
763 1450 889 1484 Thome
927 1450 1081 1497 Apostoli
1119 1453 1218 1486 Anno
1256 1452 1378 1486 domini
1414 1453 1593 1488 Millesinio
1630 1454 1881 1488 Trecentesimo
1916 1454 2092 1500 Quinqua—

242 1512 373 1553 gesimo
403 1515 532 1555 quarto.

554 1581 627 1615 (Aus
650 1582 701 1607 der
724 1582 918 1616 Bestiitiguug
943 1582 1036 1608 dieses
1063 1583 1263 1609 Testauientes
1288 1593 1351 1609 vom
1375 1584 1402 1610 J.
1430 1583 1535 1623 1:355.)

1118 1728 1224 1764 285.

246 1802 361 1843 ses-ko,
408 1802 690 1849 Scliwe'egyersolm
727 1806 786 1839 des
821 1805 1010 1850 Hodislm·‚
1049 1806 1208 1850 cerlcauft
1247 1807 1317 1841 dem
1352 1808 1525 1852 Kapellam
1564 1809 1623 1842 des
1658 1809 1819 1843 Klosters
1862 1812 1894 1843 iu
1932 1810 2091 1843 oslawcm

485 1866 580 1898 einen
610 1865 705 1899 Lulm
735 1868 777 1900 im
806 1867 916 1910 Dorfe
950 1867 1114 1901 Tamnz'tz.
1170 1868 1231 1902 Dt.
1266 1868 1491 1903 Ti'sclmowitz-
1521 1869 1580 1903 29.
1612 1870 1716 1904 Dz-hr.
1748 1870 1857 1906 1354.

400 1923 581 1976 Ronerint
620 1947 770 1979 vniuersi
806 1944 891 1979 hanc
929 1946 1057 1980 literam
1092 1949 1288 1993 inspecturi.
1344 1946 1438 1988 Quod
1479 1959 1542 1992 ego
1580 1948 1681 1982 Jesco
1709 1960 1815 1993 gener
1842 1948 2024 1994 Hodyzslai
2054 1949 2094 1982 de

247 2000 471 2042 Qualeschaw
501 2008 533 2036 et
563 2004 736 2039 Get-uscha
765 2016 853 2039 vxor
880 2017 953 2040 mea
982 2011 1014 2040 et
1042 2007 1184 2041 heredes
1204 2011 1269 2041 mei
1289 2008 1412 2052 singuli
1430 2008 1646 2054 presentibus
1667 2010 1894 2054 significamus
1916 2014 2094 2054 vainei-sis„

246 2062 332 2106 quod
362 2062 402 2096 de
431 2068 559 2097 maturo
588 2065 729 2098 consilio
758 2069 790 2098 et
818 2069 964 2101 vnanimi
999 2078 1167 2102 consensu
1194 2071 1339 2102 omnium
1367 2071 1549 2102 amicorum
1579 2074 1769 2103 nostrorum
1798 2070 2006 2105 vendidimus
2035 2074 2094 2104 rite

247 2126 279 2155 et
307 2123 553 2157 racionabiliter
581 2128 665 2159 iusto
695 2130 887 2160 contractus
917 2127 1022 2172 tytulo
1051 2132 1084 2162 et
1110 2128 1322 2174 presentibus
1350 2128 1520 2162 venditum
1549 2132 1761 2174 resignamus
1794 2131 1982 2165 voluntarie
2011 2131 2094 2165 Dis—

246 2187 340 2217 creto
378 2187 449 2217 viro
486 2185 618 2219 domino
656 2185 890 2220 Bartholomeo
927 2191 1068 2233 protunc
1102 2189 1276 2234 capellano
1304 2189 1509 2223 dominarum
1538 2193 1570 2224 in
1601 2190 1680 2225 Osla
1709 2202 1809 2225 vnum
1839 2192 1968 2225 laneum
1998 2194 2095 2225 situm

246 2246 281 2276 in
310 2245 386 2278 villa
417 2245 598 2292 Tempnicz
627 2257 687 2292 pro
716 2246 832 2280 decem
861 2252 893 2280 et
921 2252 996 2281 octo
1026 2252 1208 2294 sexagenis
1235 2260 1431 2294 grossorum
1460 2250 1671 2285 denariorum
1693 2251 1910 2296 Pragensium
1931 2252 2094 2285 Morauici

248 2308 377 2338 numeri
406 2310 436 2338 et
465 2310 655 2352 pagamenti
684 2306 781 2340 nohis
810 2310 873 2340 iam
903 2313 980 2342 actu
1008 2312 1189 2343 numeratis
1218 2314 1250 2343 et
1278 2310 1427 2356 plenarie
1454 2312 1648 2356 persolutis.
1679 2323 1773 2358 quem
1804 2312 1934 2358 quidem
1964 2313 2094 2346 laneum

247 2363 448 2399 hereditarie
485 2369 567 2400 sicut
605 2370 770 2400 tenuimus
806 2371 839 2401 et
873 2368 1085 2413 possedimus
1122 2381 1194 2403 cum
1231 2371 1328 2416 pleno
1366 2370 1509 2405 dominio
1538 2372 1672 2406 ,Iuribus
1701 2376 1917 2419 pertinenciis
1947 2378 1979 2407 et
2006 2385 2094 2408 vsu—

247 2423 409 2460 fructibus
438 2427 577 2471 singulis
607 2432 638 2461 et
668 2430 834 2462 vniuersis
863 2428 1033 2462 venditum
1062 2430 1223 2474 legittime
1250 2434 1282 2464 in
1310 2431 1494 2477 predictum
1526 2433 1692 2467 dominnm
1717 2433 1946 2469 transferimus
1975 2434 2093 2468 eodem

248 2485 345 2520 modo
373 2487 549 2521 tenendum
579 2492 750 2534 perpetue7
780 2488 1030 2534 possidendum,
1060 2489 1296 2535 vffiruendum,
1325 2492 1548 2537 vendendum⁷
1588 2494 1854 2538 condonandum,
1893 2495 2093 2538 mutandum,

248 2556 310 2580 seu
339 2547 437 2581 modo
467 2559 530 2593 quo
560 2549 721 2594 placuerit
749 2549 789 2583 ad
817 2552 867 2584 sui
896 2550 1100 2584 voluntatem
1128 2551 1380 2598 disponendum.
1411 2553 1554 2601 Insuper
1581 2566 1642 2589 nos
1671 2555 1812 2590 Pribsko
1842 2556 1882 2590 de
1902 2557 2093 2604 Lompnicz,
