2206 2735
1013 27 1173 84 ΜΨΠ

190 138 292 172 l'orina
322 139 375 172 vel
405 142 626 185 expressione
663 138 838 173 verborum
875 151 892 173 a
927 145 1105 174 memorata
1141 142 1220 175 sede
1257 144 1442 183 concessis,
1481 142 1521 177 de
1560 144 1677 190 quibus
1715 156 1922 192 quorumque
1958 150 2031 182 totis

190 199 357 233 tenoribus
387 199 427 233 (10
456 199 561 234 verbo
589 199 629 233 ad
658 199 795 233 verbum
826 204 855 234 in
885 204 1006 234 nostris
1036 201 1137 235 literis
1166 203 1273 248 plena,
1304 203 1458 248 specialis
1487 209 1519 237 01
1552 216 1715 251 expressa
1745 210 1867 241 mentio
1897 211 1938 242 sit
1967 208 2030 241 113-

189 258 305 293 benda.
338 259 490 294 Ceterum
519 259 617 293 vobis
646 263 678 292 et
707 260 839 293 cuilibet
877 265 1022 294 vesti-um
1058 265 1256 306 presentium
1296 266 1493 297 auctoritate
1528 265 1749 305 concedimus
1777 268 1862 313 quod
1896 268 2032 314 quilibet

189 323 334 353 vestrum
365 332 425 366 per
451 331 514 354 vos
542 319 596 353 vel
626 320 723 353 alium
753 332 812 354 seu
842 320 922 354 alios
952 331 1010 354 eos
1039 332 1120 366 quos
1149 333 1208 368 pro
1237 323 1460 357 retardatione
1490 325 1662 359 solutionis
1692 327 1820 361 decime
1841 330 2031 375 supradicte

188 380 241 413 vel
269 381 503 425 impedimento
531 383 669 426 prestito
699 391 799 426 super
837 391 875 414 ea
912 381 966 414 vel
1002 381 1084 415 alias
1118 385 1206 416 circa
1243 386 1455 418 commissum
1490 385 1586 419 vobis
1621 386 1763 420 officium
1803 389 2030 423 exercendum

186 443 540 474 excommunicationis
569 444 803 486 suspensionis
831 445 862 474 et
890 441 1052 475 interdicti
1081 446 1255 477 sententiis
1284 445 1411 478 involvi
1439 448 1616 490 contigerit
1654 451 1685 480 et
1724 458 1837 481 eorum
1868 450 2030 484 ecclesias

186 504 258 534 sive
286 501 358 535 loca
387 501 615 535 ecclesiastico
646 501 819 534 interdicto
848 505 987 547 supponi
1015 505 1123 548 possit
1151 507 1225 549 post
1253 504 1515 539 satisfactionem
1545 507 1744 551 condignam
1774 511 1864 542 iuxta
1884 510 2030 543 ecclesie

187 560 322 594 formam
352 572 369 594 a
398 564 570 595 sententiis
599 564 679 607 ipsis
708 561 897 603 absolvere‚
926 573 988 595 nec
1018 573 1082 596 non
1112 567 1344 609 suspensionis
1373 569 1406 599 et
1434 566 1597 600 interdicti
1627 567 1811 601 huiusmodi
1848 572 2030 604 sententias

184 621 339 654 relaxare
367 632 407 654 ac
435 632 508 655 cum
538 624 587 655 eis
617 624 670 667 qui
699 622 791 655 dictis
821 622 912 666 ligati
941 626 1115 657 sententiis
1152 624 1352 659 celebrando
1389 625 1513 672 divina7
1550 627 1602 661 vel
1639 629 1857 662 immiscendo
1895 641 1932 663 se
1968 631 2030 664 illis

184 691 248 714 non
277 685 388 715 tamen
417 684 448 715 iu
479 686 700 728 contemptum
730 682 871 715 clavium
901 683 1063 716 maculam
1091 684 1344 728 irregularitatis
1383 690 1613 721 contraxerint
1649 699 1750 734 super
1784 690 2030 733 irregularitate

182 744 266 787 ipsa,
296 744 442 775 iniuncto
470 745 519 776 eis
549 742 633 788 quod
663 741 702 775 de
730 744 801 775 iure
830 742 927 776 fuerit
956 743 1190 788 iniungendum
1221 748 1418 779 auctoritate
1446 748 1631 792 apostolica
1660 749 1921 783 misericorditer
1957 751 2028 784 dis-

182 813 336 847 pensare.
366 802 408 836 Et
436 802 664 836 nichilominus
693 813 755 836 vos
785 807 818 836 01
845 803 980 848 quilibet
1007 809 1157 837 vestrum
1187 807 1213 838 si
1242 805 1389 850 prefatas
1415 810 1596 841 sententias
1617 812 1651 841 ut
1670 808 1837 854 prefertur
1855 799 2028 845 incurrere

180 873 242 896 vos
271 866 452 908 contingat,
482 862 522 896 31)
551 862 675 896 eisdem
705 865 877 896 sententiis
907 868 981 908 post
1009 864 1271 899 satisfactionem
1301 865 1445 900 debitam
1475 879 1533 913 per
1562 868 1702 914 aliquem
1740 881 1782 903 ex
1811 871 2028 906 vicinioribus

180 923 366 969 Episcopis‚
396 925 750 957 excommunicationis
781 927 945 957 sententia
976 936 1040 958 non
1068 926 1216 969 ligatum,
1247 931 1278 959 et
1307 926 1388 960 alias
1417 931 1556 972 gratiam
1587 933 1620 962 et
1649 933 1912 964 communionem
1940 943 2028 977 apo-

178 985 296 1018 stolice
323 983 412 1018 sedis
442 983 629 1025 habentem,
659 983 746 1017 facta
776 983 836 1017 sibi
866 983 929 1017 lide
959 984 998 1018 de
1027 986 1265 1023 satisfactione.
1294 986 1479 1021 huiusmodi
1515 988 1731 1023 absolutionis
1760 990 1956 1026 beneficium
1995 997 2028 1026 et

180 1055 280 1090 super
306 1045 549 1089 irregularitate
578 1047 605 1078 si
634 1055 729 1090 quam
759 1044 844 1078 forte
872 1047 913 1078 sit
941 1045 1061 1089 ligatus
1091 1046 1291 1080 celebrando
1321 1047 1445 1088 divina„
1484 1049 1537 1083 vel
1576 1061 1614 1083 se
1642 1051 1858 1085 immiscendo
1888 1053 2027 1090 eisdem.

180 1107 432 1148 contraxeritis,
475 1105 731 1150 dispensationis
773 1107 914 1149 gratiam
956 1105 1117 1140 obtinere.
1159 1106 1278 1140 Datum
1320 1108 1490 1143 Avinione
1532 1109 1579 1143 VI
1621 1109 1735 1145 Nonas
1777 1111 1884 1146 lllartii
1926 1114 2027 1147 Anno

181 1164 328 1198 Decimo.

487 1217 562 1253 [Aus
587 1218 640 1242 den
666 1217 744 1251 Orig.
770 1218 916 1251 Regesten
942 1217 1073 1244 Clemens
1098 1219 1157 1253 Vl„
1190 1220 1222 1246 B.
1248 1220 1300 1252 ΙΙΙ,
1326 1220 1379 1247 Τ11.
1406 1221 1440 1252 11,
1466 1222 1549 1256 epist,
1575 1223 1644 1255 597,
1676 1232 1742 1257 pag.
1770 1225 1844 1255 1343
1881 1224 2026 1252 vidimirte

590 1269 737 1296 Abscbrift
762 1270 797 1294 im
823 1269 1082 1305 Laudesarchive.)

1055 1417 1160 1452 149.

179 1493 286 1537 Papst
316 1493 467 1527 Clemens
503 1492 557 1527 VI.
590 1493 723 1536 fordert
760 1493 822 1526 (len
851 1493 986 1538 Praqer
1014 1494 1232 1538 Erz-bisclmf,
1268 1496 1356 1529 datm
1391 1497 1445 1531 die
1478 1498 1643 1543 Bis-chose
1676 1511 1740 1533 con
1775 1500 1924 1535 Breslau
1959 1504 2026 1536 med

180 1555 311 1587 Ulmutz
339 1556 409 1597 aas,
439 1554 512 1587 sicle
540 1553 623 1587 uber
650 1555 704 1587 die
731 1565 795 1587 1·οη
823 1554 866 1587 Κ.
888 1555 979 1588 Karl
999 1554 1058 1588 IV.
1089 1555 1337 1600 beabsicletz'qte
1359 1557 1542 1603 Erlaebuny
1562 1559 1622 1593 der
1643 1560 1793 1594 Isis-clame
1814 1563 1845 1595 in
1867 1562 2020 1605 Medum,

213 1614 379 1657 Bezrzzlan,
409 1615 521 1648 Saatz
548 1615 615 1647 und
642 1614 752 1648 Slava
780 1626 821 1648 zu
849 1614 1120 1658 Bae'sclz.ofssz'tz-en
1150 1627 1190 1649 zu
1219 1622 1373 1651 ilus-seru.
1405 1617 1463 1651 Dt.
1493 1619 1652 1663 Aviqnon
1682 1620 1715 1653 2.
1746 1621 1845 1654 Miirz
1875 1622 1984 1656 1352.

332 1690 508 1744 Clemens
538 1709 724 1756 Episcopus
764 1710 892 1744 Servus
931 1710 1113 1744 Servorum
1149 1710 1209 1744 Dei
1241 1711 1449 1746 Venerabilis
1482 1712 1638 1747 fratribus
1668 1742 1675 1747 .
1708 1742 1713 1748 .
1754 1716 2020 1764 Archiepiscopo

179 1769 320 1810 Progen.
351 1774 383 1803 et
412 1797 418 1803 .
451 1797 457 1803 .
482 1770 650 1816 Episcopo
679 1770 929 1805 Wratislavien.
960 1783 999 1805 ac
1027 1771 1146 1805 dilecto
1175 1771 1239 1805 filio
1268 1772 1411 1807 Johanni
1441 1773 1558 1807 Electo
1587 1773 1781 1809 Olomucen.
1813 1777 1957 1811 Salutem
1988 1783 2020 1812 et

178 1830 406 1875 Apostolicain
437 1830 718 1864 Benedictionem.

331 1890 444 1936 Nuper
473 1890 668 1925 Carissimus
697 1894 728 1924 in
759 1891 888 1925 Christo
917 1892 1000 1926 tilius
1030 1897 1142 1926 noster
1170 1892 1308 1927 Carolus
1329 1894 1554 1928 Romanorum
1575 1900 1607 1929 et
1628 1895 1763 1931 Boemie
1783 1897 1859 1932 Rex
1878 1898 2020 1934 Illustris

177 1951 272 1986 nobis
310 1952 502 1996 significare
540 1955 682 1995 curavit7
719 1952 803 1997 quod
838 1955 908 1998 ipse
936 1964 995 1998 pro
1024 1953 1125 1987 divini
1160 1953 1265 1987 cultus
1296 1959 1487 1999 augmento,
1528 1960 1560 1989 et
1595 1956 1668 1991 aliis
1703 1961 1803 1992 certis
1839 1960 2021 1994 rationibus

176 2012 357 2056 desiderat„
387 2012 472 2057 quod
502 2012 642 2056 Pragen.
673 2012 865 2058 Metropolis
893 2024 958 2058 que
986 2016 1017 2046 in
1046 2013 1166 2057 Regno
1195 2025 1254 2047 suo
1284 2014 1419 2049 Boemie
1448 2018 1611 2059 consistit,
1651 2022 1683 2051 et
1718 2029 1781 2063 que
1806 2019 1888 2053 duos
1919 2020 2019 2054 dum-

179 2077 270 2106 taxat
299 2073 536 2117 Suffraganeos
566 2072 664 2106 habet
693 2073 732 2106 ad
762 2084 914 2119 presens,
951 2076 1066 2107 maiori
1095 2073 1387 2118 Suffraganeorum
1416 2086 1554 2109 numero
1583 2076 1770 2121 decoretur,
1805 2083 1835 2112 et
1864 2080 1949 2125 quod
1978 2081 2019 2114 ol)

178 2133 241 2167 1100
268 2132 445 2167 Medlicen.
476 2138 509 2167 et
538 2133 773 2175 Boleslavien.,
804 2144 939 2178 quarum
968 2133 1199 2179 Preposituras
1229 2134 1336 2168 dictus
1364 2135 1440 2169 Rex
1470 2135 1508 2169 ad
1537 2137 1745 2172 collationem
1775 2150 1868 2173 suam
1899 2145 2021 2175 asserit

177 2196 354 2240 pertineret
393 2205 432 2227 ac
470 2204 604 2227 zazcen.
643 2192 825 2238 Collegiate
859 2205 898 2227 ac
927 2193 1145 2239 parrochialis
1174 2197 1206 2228 in
1236 2194 1337 2229 Slava
1368 2196 1510 2230 ecclesie
1541 2197 1680 2242 Pragen.
1711 2199 1858 2234 diocesis
1886 2204 1917 2235 in
1949 2201 2019 2235 Ca-

176 2254 343 2288 thedrales
377 2258 557 2298 erigantur.
596 2258 627 2287 01
663 2254 748 2299 quod
783 2254 889 2287 eidem
927 2255 1073 2288 ecclesie
1107 2257 1138 2288 in
1168 2254 1270 2288 Slava
1300 2266 1373 2288 cum
1411 2258 1443 2289 in
1473 2255 1702 2292 Cathedralem
1733 2265 1844 2294 erecta
1874 2265 2018 2295 extiterit

176 2314 389 2360 Prepositura
425 2314 570 2349 ecclesie
603 2314 745 2359 Pragen.
780 2325 853 2348 cnm
891 2314 1041 2348 omnibus
1078 2314 1203 2348 iuribus
1239 2320 1273 2349 et
1300 2319 1508 2361 pertinentiis
1537 2320 1605 2351 suis
1633 2324 1792 2365 perpetuo
1830 2325 1958 2355 uniatur
1987 2327 2018 2356 et

175 2374 259 2419 quod
288 2374 408 2419 singuli
437 2374 597 2421 Episcopi
627 2378 680 2420 qni
705 2374 861 2420 predictis
891 2375 1046 2408 ecclesiis
1074 2378 1122 2408 sic
1151 2376 1320 2419 erigendis
1343 2375 1593 2413 Cathedralibus
1621 2380 1846 2425 presidehunt‚
1876 2381 2019 2415 debeant

176 2446 253 2468 esse
281 2434 441 2468 Canonici
481 2435 626 2469 ecclesie
661 2434 806 2480 Pragen.
845 2439 878 2468 et
909 2437 941 2468 in
978 2446 1016 2469 ea
1051 2436 1200 2479 singulas
1233 2440 1344 2469 certas
1382 2436 1570 2482 prehendas
1603 2449 1641 2472 ac
1673 2440 1800 2474 stallum
1836 2443 1867 2474 in
1898 2441 2018 2476 choro.

177 2506 292 2529 vocem
318 2499 350 2529 et
378 2496 485 2529 locum
514 2498 545 2529 in
567 2494 717 2542 Capitulo
746 2495 894 2529 eiusdem
924 2496 1070 2530 ecclesie
1090 2495 1254 2538 obtinere,
1280 2500 1312 2529 et
1336 2496 1603 2544 Archiepiscopo
1627 2498 1769 2544 Pragen.
1795 2503 1866 2535 iure
1881 2501 2017 2536 Metro-
