2206 2735
1047 44 1083 76 tu

129 159 337 203 simpliciter.
369 157 471 190 libere
500 161 531 189 ct
560 168 602 190 ex
633 162 723 190 certa
753 160 897 190 sciencia
927 156 1012 189 dicte
1045 159 1221 200 questioni.
1252 154 1296 187 liti
1331 159 1360 187 et
1398 157 1627 190 controuersie
1667 158 1698 189 in
1738 156 1824 190 bunc
1860 155 1991 189 moduni

129 218 312 251 concordie
342 228 415 250 cum
445 217 594 262 predicto
632 217 773 263 plebano
803 218 1023 252 deuenerunt.
1055 216 1140 261 quod
1172 219 1241 262 ipse
1271 219 1302 247 et
1336 215 1468 260 quilibet
1505 219 1553 250 sui
1591 227 1810 251 successores
1846 216 1992 250 decimas

130 282 270 312 minutas
301 280 330 310 iu
361 280 485 323 campis
515 280 644 322 integre
673 281 849 323 percipere
881 277 1038 311 debeant.
1069 287 1131 310 nec
1161 287 1225 310 non
1263 275 1377 308 laneus
1415 276 1583 320 predictus
1617 278 1745 322 legatus
1784 281 1817 309 et.
1853 277 1992 311 donatus

129 339 274 372 ecclesie
304 340 334 370 in
366 337 610 372 Waltlierwicz
640 341 773 372 nomine
802 338 887 372 dotis
918 338 1110 384 supradicte
1139 337 1275 383 Uapolle
1305 336 1344 370 ad
1375 336 1514 370 eandem
1544 342 1704 384 perpetuo
1733 340 1901 383 pertinere
1931 337 1995 371 de—

132 399 229 431 bebit.
262 397 401 443 Insuper
431 399 526 432 iidem
557 400 644 445 layci
675 399 839 444 quendam
870 399 1058 432 delectum.
1091 409 1188 443 quem
1218 395 1296 432 dicti
1326 408 1490 443 pauperes
1519 401 1550 431 in
1589 398 1809 444 Rausenpruli
1848 403 1996 444 tempore

132 458 362 492 minulaeionis
392 470 477 504 aque
506 459 624 493 ibidem
655 460 830 493 delluentis
859 463 1099 493 sustinuerunt.
1131 461 1224 492 cuius
1253 462 1406 504 pretextu
1438 457 1579 492 infantes
1600 459 1728 505 paruuli
1751 458 1877 505 absque
1899 469 1996 493 sacro

133 521 341 564 baptismate.
377 530 418 552 eo
447 520 533 565 quod
565 520 604 553 ad
642 519 762 553 dictam
803 520 1028 566 parochialem
1067 520 1245 553 ecclesiam
1284 518 1450 564 deportari
1487 529 1552 552 non
1590 524 1759 565 poterant,
1799 530 1997 565 quocunque

131 579 333 624 subrepente
362 580 591 614 decesserunt.
624 582 740 614 tollere
771 584 945 627 cupientes
977 580 1015 613 ad
1048 579 1234 613 babendum
1264 584 1312 614 ius
1343 580 1538 627 baptismale
1568 583 1598 613 in
1620 580 1747 625 prefata
1769 580 1903 626 Capella
1926 584 1998 613 tra-

132 639 286 673 diderunt
316 644 346 673 et
378 643 631 685 resignauerunt
663 641 750 675 dicte
780 641 925 674 ecclesie
960 643 990 674 iu
1022 639 1267 674 Waltlierwicz
1296 652 1393 675 vnum
1425 644 1556 675 vineam
1592 643 1686 675 sitam
1719 644 1749 674 in
1780 640 1998 682 Cbewernilu

132 712 178 734 sic
209 700 294 746 quod
324 705 433 734 rector
461 702 547 735 dicte
577 702 774 748 parochialis
804 702 962 736 ecclesie.
994 704 1047 746 qui
1079 712 1137 747 pro
1167 704 1316 747 tempore
1345 701 1454 735 suerit.
1493 713 1551 748 per
1581 714 1616 736 se
1652 701 1705 736 vel
1742 712 1802 748 per
1840 704 1999 735 vicarium

136 771 228 794 suum
260 760 439 806 predictam
469 762 636 808 Capellam
667 765 698 795 in
730 762 955 808 Rausenpruk
988 762 1155 795 accedere
1185 761 1304 796 debeat
1334 767 1366 796 et
1395 763 1550 808 paruulos
1581 762 1701 796 ibidem
1733 762 1915 808 baptizare,
1937 771 1999 795 nec

135 821 288 854 ammodo
319 833 483 868 pauperes
513 823 661 856 eiusdem
693 823 769 856 ville
800 834 858 869 pro
889 822 1082 857 deserendis
1112 823 1256 868 paruulis
1286 823 1324 856 ad
1346 823 1577 869 baptizandum
1599 824 1637 856 ad
1661 828 1800 856 matrem
1822 823 1999 856 ecclesiam

138 882 303 915 vllomodo
332 887 441 916 artare
472 888 656 917 teneantur.
691 884 728 917 Et
758 887 832 929 quia
867 888 1017 917 sanctuni
1049 887 1098 916 est
1129 889 1159 916 et
1200 887 1286 930 pium
1323 884 1499 930 prouidere
1534 887 1565 917 in
1600 883 1872 918 ordinacionibus
1909 884 2002 916 salu-

137 944 239 977 briter
269 943 456 978 celebratis.
487 945 572 990 quod
603 946 708 979 cultus
738 945 869 978 diuinus
910 956 975 978 non
1016 948 1190 978 minuatur.
1229 945 1286 978 sed
1324 950 1488 989 augeatur
1526 956 1584 991 per
1621 945 1870 979 ordinacionem
1910 944 2003 977 liuius

139 1004 304 1037 tenebitur
334 1009 444 1038 rector
473 1005 601 1050 prel'ate
633 1005 785 1039 Ecclesie
824 1009 854 1039 in
884 1005 1146 1039 Wanlwrwicz.
1184 1016 1242 1051 per
1277 1017 1313 1039 se
1349 1007 1403 1040 vel
1443 1017 1501 1052 per
1538 1009 1698 1040 vicarium
1736 1006 1787 1039 die
1810 1005 2002 1041 dominico„

138 1064 295 1098 secundm
327 1069 440 1109 quarta
472 1071 502 1098 et
533 1071 631 1099 sexta
662 1067 753 1100 l'eriis
783 1070 814 1100 in
844 1067 975 1113 capella
1007 1066 1153 1112 predicta
1185 1066 1308 1100 habere
1338 1070 1491 1101 missam.
1530 1070 1555 1100 si
1587 1070 1670 1100 iusto
1700 1071 1731 1100 et
1761 1067 1907 1110 legitimo
1938 1076 2003 1098 non

139 1126 235 1158 fuerit
266 1125 454 1171 perpedilus
485 1127 721 1172 inpedimento.
752 1139 815 1173 quo
846 1139 924 1161 casu
960 1130 1078 1173 poterit
1118 1127 1178 1160 biis
1217 1131 1386 1173 expressis
1417 1127 1534 1161 diebus
1574 1130 1677 1173 ipsum
1719 1138 1782 1160 non
1820 1125 2002 1160 artantibus

140 1186 208 1218 aliis
238 1185 353 1219 diebus
383 1189 412 1220 in
444 1191 627 1233 septimana
656 1191 797 1224 tociens.
829 1194 861 1222 vt
895 1193 943 1222 est
975 1191 1182 1234 premissum7
1214 1192 1243 1221 in
1276 1189 1403 1233 prefata
1435 1188 1567 1234 Capella
1599 1188 1744 1222 diuinum
1767 1189 1909 1222 oll'icium
1941 1198 2004 1221 ce-

141 1245 280 1278 lebrare.
313 1247 386 1286 Que
414 1248 544 1292 quidem
574 1251 684 1282 omnia
714 1253 778 1282 tam
810 1250 898 1295 layci
930 1260 1026 1294 quam
1058 1249 1218 1294 plebanus
1239 1249 1417 1294 supradicti
1439 1253 1637 1295 petiuerunh
1659 1253 1858 1284 auctoritate
1879 1259 2004 1295 supra—

141 1308 215 1339 dicti
255 1307 376 1340 domini
414 1307 569 1355 Episcopi
610 1310 662 1343 vel
702 1314 774 1344 eins
811 1310 962 1344 officialis
1001 1310 1168 1343 ratilicari.
1206 1310 1382 1356 approbari
1420 1315 1450 1344 et
1487 1311 1677 1344 confirmari
1715 1315 1746 1344 et
1783 1313 2003 1355 promiserunt

141 1367 338 1411 :idinuicenn
369 1381 427 1414 per
457 1375 588 1416 pactum
618 1371 778 1417 solempni
810 1372 1031 1417 stipulacione
1063 1371 1217 1404 vallatum
1248 1376 1330 1405 rata.
1360 1376 1455 1416 grata
1485 1377 1515 1405 et
1546 1371 1636 1405 lirina
1668 1371 1792 1405 babere
1830 1375 1858 1403 et
1891 1375 2005 1403 tenere

144 1433 173 1461 et
204 1439 267 1461 non
298 1434 412 1463 contra
444 1430 556 1465 facere
586 1433 639 1465 vel
672 1435 787 1465 venire
817 1433 925 1478 aliqua
959 1435 1095 1465 racione
1128 1432 1177 1464 vel
1209 1443 1311 1465 causa
1341 1431 1380 1465 de
1411 1435 1480 1465 iure
1509 1432 1563 1466 vel
1593 1431 1634 1464 dc
1673 1431 1774 1469 facto„
1812 1443 1873 1464 nec
1911 1430 2005 1464 ordi-

144 1491 316 1522 nacionem
346 1492 527 1536 predictam
558 1497 670 1538 petent
699 1496 851 1527 reuocari
882 1496 1045 1526 innouari.
1077 1504 1141 1538 quo
1171 1493 1211 1526 ad
1242 1492 1302 1526 boc
1332 1492 1484 1526 omnibus
1513 1492 1788 1538 excepcioiiibus‚
1816 1490 2005 1526 racionibus

144 1548 197 1592 (2))
226 1554 256 1582 et
288 1550 410 1584 iuribus
444 1556 613 1587 canonicis
653 1558 684 1587 et
722 1553 876 1587 ciuilibus
913 1556 1161 1587 renunciantes.
1201 1564 1301 1599 super
1337 1553 1453 1599 quibus
1490 1552 1641 1587 omnibus
1681 1558 1744 1586 tani
1784 1554 1870 1599 layci
1909 1563 2005 1597 quam

145 1610 305 1656 plebanus
335 1617 494 1657 prenotati
533 1625 593 1660 per
629 1625 682 1648 me
711 1614 934 1660 subscriptum
967 1617 1128 1648 notarium
1163 1613 1326 1660 publicum
1363 1614 1482 1648 confici
1519 1616 1708 1659 petiuerunt
1742 1613 1805 1648 1100
1842 1613 2007 1660 publicum

144 1675 404 1706 instrumentum.
439 1675 556 1708 Actum
585 1678 615 1708 in
647 1675 870 1721 Rausenpruk
904 1678 935 1709 in
965 1679 1068 1711 curia.
1098 1686 1193 1720 quain
1223 1675 1430 1720 supradictus
1463 1674 1641 1709 Benessius
1671 1673 1886 1717 inhabitabat,
1923 1685 2007 1720 pre-

143 1732 292 1766 sentibus
322 1733 570 1770 honorabilibus
599 1738 680 1770 viris
710 1736 852 1770 dominis
885 1736 1039 1770 Conrado
1069 1736 1109 1769 de
1139 1736 1326 1781 Cbaufung,
1349 1735 1635 1770 Wratislauiensis
1656 1740 1688 1769 et
1708 1735 2008 1781 WVissegradensis

143 1797 331 1827 cannonico
361 1800 391 1828 et
422 1796 562 1841 plebano
592 1800 624 1830 in
653 1795 841 1831 ‚Jasiawiez
875 1797 1094 1832 ecclesiarum
1125 1798 1208 1843 (sic)
1230 1802 1260 1831 et
1281 1796 1413 1831 Sill'rido
1443 1800 1473 1831 in
1494 1796 1594 1843 Dyax
1624 1795 1767 1843 plebano
1788 1801 1820 1830 et
1841 1796 2007 1830 distinctis

145 1857 225 1887 viris
256 1853 416 1889 Henslino
445 1856 485 1890 de
515 1856 642 1891 Gnaest
670 1862 703 1891 et
731 1857 892 1899 Fridlinoi
924 1857 1062 1892 scabino
1091 1858 1131 1892 de
1160 1858 1397 1904 Rausenpruk,
1428 1859 1522 1892 laicis
1552 1858 1637 1892 dicte
1667 1857 1902 1892 olomucensis
1932 1856 2008 1890 dio—

145 1919 244 1957 cesis,
285 1915 422 1951 testibus
459 1918 497 1951 acl
534 1922 696 1964 premissa
726 1921 858 1953 vocatis
892 1924 923 1953 et
953 1922 1090 1963 rogatis.
1123 1919 1233 1961 Α11110,
1266 1918 1337 1962 Die,
1367 1917 1497 1961 Mense,
1528 1918 1718 1953 lndiccione
1739 1923 1771 1952 et
1793 1917 2007 1951 Pontificatus

147 1976 313 2021 predictis.

307 2037 344 2072 Et
375 2050 441 2083 ego
472 2039 639 2083 Andreas,
677 2040 841 2086 quondam
878 2040 1089 2074 Zidelmanni
1127 2041 1167 2074 de
1204 2040 1355 2086 LupsiCZ‚
1395 2040 1543 2074 Clericus
1578 2040 1812 2075 Oloinucensis
1851 2039 2008 2082 diocesis,

147 2097 296 2143 publicus
326 2101 485 2146 imperiali
515 2103 713 2135 auctoritate
743 2105 907 2145 notarius,
936 2101 1117 2136 concordie
1156 2106 1189 2135 et
1221 2101 1426 2135 ordinacioni
1463 2104 1624 2147 premisse
1659 2105 1691 2134 et
1725 2099 2008 2146 promissionibus

146 2163 176 2191 et
205 2159 477 2204 stipulacionibus
506 2163 591 2194 inter
620 2166 731 2207 partes
751 2162 930 2208 ⁴predictas
971 2161 1047 2196 hinc
1075 2162 1152 2196 inde
1180 2161 1276 2195 factis
1307 2172 1369 2194 nec
1399 2172 1462 2195 non
1499 2162 1572 2196 aliis
1610 2161 1762 2195 omnibus
1799 2164 1831 2194 et
1867 2159 2008 2205 singulis

147 2219 346 2265 supradietis
375 2231 441 2254 vna
469 2231 542 2255 cum
572 2225 753 2266 prenotatis
784 2234 929 2268 presens
958 2221 1090 2256 interfui
1120 2227 1152 2256 et
1181 2233 1219 2256 ea
1248 2225 1356 2256 omnia
1387 2233 1484 2256 manu
1515 2224 1645 2268 propria
1676 2224 1795 2267 scripsi
1817 2226 1849 2255 et
1871 2224 1902 2254 in
1924 2220 2009 2254 hanc

147 2279 310 2326 publicani
339 2279 477 2314 formam
507 2281 622 2326 redegi
653 2293 793 2328 meoque
822 2287 996 2317 consweto
1026 2286 1123 2328 signo
1150 2287 1290 2328 rogatus
1318 2285 1517 2328 consignaui
1546 2285 1578 2317 in
1606 2285 1830 2316 testimonium
1862 2283 2006 2315 omnium

148 2340 341 2374 eorundem.

305 2400 345 2435 Et
373 2401 446 2446 Ego
476 2401 687 2437 Hermannus
716 2407 907 2450 prepositus
937 2403 1092 2438 Ecclesie
1122 2404 1234 2438 Sancti
1274 2403 1360 2438 Petri
1398 2407 1427 2437 in
1467 2403 1590 2445 ssruna,
1626 2406 1774 2438 vicarius
1813 2402 2008 2436 Reuerendi

149 2464 180 2494 in
210 2460 341 2495 Christo
370 2464 472 2508 patris
502 2467 533 2496 et
562 2463 684 2497 domini
715 2464 836 2498 domini
869 2464 1032 2498 Johannis
1063 2464 1297 2498 Olomucensis
1325 2463 1482 2510 Episcopi
1512 2466 1544 2497 in
1573 2463 1796 2509 spiritualibus
1824 2463 2007 2508 generalis,

150 2526 341 2568 presentem
371 2522 629 2566 ordinacionem,
659 2526 720 2557 rite
749 2529 780 2557 et
809 2524 1061 2559 racionabiliter
1090 2524 1221 2559 saetam.
1252 2529 1356 2558 ratam
1386 2529 1418 2558 et
1446 2529 1575 2569 gratam
1606 2523 1732 2558 habens
1762 2534 1837 2557 eam
1874 2523 1914 2557 ad
1944 2533 2008 2569 pe—
