2206 2735
1067 71 1131 106 151

181 185 289 227 solita,
318 194 413 229 quam
444 183 482 217 ad
512 194 574 217 vos
603 187 636 217 et
664 187 809 216 vestrum
840 186 995 216 continuo
1024 186 1171 228 gerimus
1201 183 1349 218 ordinem
1380 186 1536 227 inclinati,
1577 191 1611 220 vt
1638 190 1870 232 possessiones
1900 191 1933 221 et
1961 188 2022 222 alia

179 244 264 278 bona
294 243 426 278 mobilia
456 247 488 277 et
516 242 706 285 immobilia,
737 254 801 276 non
831 242 986 285 feudalia,
1017 243 1075 277 sed
1105 255 1168 290 que
1197 244 1318 278 liberas
1343 256 1504 291 personas
1526 246 1663 281 fratrum
1685 247 1723 281 ad
1746 252 1876 282 vestras
1897 247 2023 282 Eccle-

180 308 246 340 sias
276 304 317 338 de
345 304 459 338 seculo
489 303 691 348 fugiencium
721 307 753 337 et
781 303 1010 349 professiones
1040 303 1236 338 saciencium
1272 308 1304 339 in
1334 306 1473 349 eisdem,
1511 309 1537 341 si
1567 310 1805 342 remansissent
1833 311 1866 342 in
1896 309 2021 351 seculo,

179 368 316 399 rarione
353 366 579 399 successionis
617 364 670 398 vel
705 374 902 409 quocunque
938 364 1001 397 alio
1038 366 1122 398 iusto
1160 364 1250 398 titulo
1287 368 1506 410 contigissent
1542 370 1574 400 et
1611 377 1674 412 que
1711 367 1781 402 aliis
1812 368 1891 402 dare
1919 368 2023 402 libere

180 428 376 472 potuissent,
406 428 533 470 petere,
564 427 729 471 recipere,
759 436 797 458 ac
826 427 970 458 retinere
999 424 1138 458 valeatis
1167 424 1271 458 libere
1292 436 1343 468 ea,
1374 437 1436 471 qua
1457 437 1634 472 possumus
1655 426 1851 461 authoritate
1871 428 2021 463 Romana

180 489 274 531 regia
302 484 397 520 vobis
425 484 636 531 presentibus
665 484 886 529 indulgemus.
918 483 1003 518 Nulli
1032 495 1115 529 ergo
1144 484 1312 519 hominum
1334 486 1487 520 Romano
1508 489 1644 532 imperio
1673 486 1896 521 subiectorum
1926 489 2023 523 liceat

180 544 364 580 huiusmodi
392 549 506 579 nostre
535 547 767 579 concessionis
796 549 828 578 et
856 544 970 578 indulti
1000 548 1152 591 paginam
1184 546 1368 591 infringere
1397 552 1451 580 aut
1480 551 1509 580 ei
1539 558 1618 581 ausu
1647 551 1823 581 temerario
1844 552 2020 584 contraire.

181 606 216 641 Si
253 608 326 651 quis
358 609 465 639 autem
504 605 566 639 hoc
603 609 801 651 attemptare
837 609 1075 651 presumpserit
1108 606 1376 651 indignacionem
1414 607 1598 641 Maiestatis
1628 608 1732 653 Regis
1770 620 1806 642 se
1840 616 2023 654 cognoscat

179 666 294 713 procul
323 666 420 701 dubio
449 669 640 700 incurrisse.
683 665 801 699 Datum
830 664 939 709 Prage
975 677 1062 700 anno
1092 666 1223 700 Domini
1260 666 1464 701 MCCCLIII.
1496 671 1636 714 septimo
1666 668 1805 703 Kalend.
1836 669 2020 706 Februarii.

178 727 374 772 Regnorum
403 731 592 761 nostrorum
621 737 707 760 anno
735 725 810 760 VII.

485 812 686 849 (Abgedruekt
710 814 738 838 in
764 812 866 839 Pelzl's
892 814 961 839 Karl
988 814 1035 840 lv.
1062 813 1294 840 Urkundenbuch
1320 815 1338 842 1.
1365 816 1429 850 Th„
1454 824 1480 849 P.
1509 816 1590 850 113.)

1055 960 1070 995 1
1081 960 1156 995 90.

178 1047 221 1080 K.
254 1046 343 1080 Karl
371 1045 431 1080 [Γ.
461 1049 627 1091 qestaltet
662 1046 733 1079 dem
769 1045 935 1080 Heinrich
962 1058 1027 1080 ron
1056 1042 1221 1081 Neulzans
1256 1048 1322 1081 med
1356 1048 1475 1081 des-sen
1511 1048 1677 1092 Βνιίίίενη,
1714 1050 1793 1083 dass
1828 1050 1916 1084 nach
1951 1051 2023 1084 dem

183 1107 273 1141 Tode
301 1107 394 1140 iltres
423 1106 587 1149 Bruders,
626 1106 811 1150 Hermann,
851 1107 969 1140 stessen
1003 1107 1109 1141 Ge'lter
1138 1118 1181 1140 cm
1210 1109 1261 1141 sie
1287 1108 1406 1151 fallen.
1452 1108 1508 1142 Dc.
1539 1109 1633 1153 Praq
1662 1108 1695 1143 6.
1726 1110 1881 1143 Febrnar
1911 1110 2020 1144 1353.

335 1182 505 1236 Karoius
535 1201 587 1234 dei
615 1204 720 1245 gratia
750 1200 973 1235 Romanorum
1005 1202 1079 1235 Rea(
1100 1213 1232 1248 semper
1254 1203 1424 1248 Augustus
1445 1208 1475 1237 et
1496 1202 1635 1237 Boemie
1656 1204 1731 1238 Rex
1760 1204 2021 1240 Notumsacimus

180 1267 296 1296 tenore
325 1265 533 1308 presencium
564 1264 742 1296 vniuersis.
773 1261 868 1302 Quod
897 1262 1106 1296 attendentes
1137 1264 1325 1309 multiplicia
1361 1267 1475 1297 merita
1497 1263 1669 1310 probitatis
1690 1264 1852 1299 Nobilium
1874 1266 2022 1300 Heinrici

180 1327 212 1356 et
240 1323 378 1356 aliorum
407 1322 543 1356 fratrum
573 1323 614 1356 de
643 1322 839 1356 Nouadomo
867 1327 1055 1357 nostrorum
1084 1323 1238 1367 fidelium,
1276 1323 1394 1369 quibus
1424 1327 1486 1370 ipsi
1517 1323 1710 1358 Celsitudini
1742 1331 1855 1359 nostre
1884 1332 2021 1361 actenus

179 1383 300 1417 deuoto
335 1383 442 1417 studio
480 1383 648 1430 placuisse
677 1387 868 1426 noscuntur,
908 1388 938 1418 et
967 1386 998 1417 in
1027 1383 1168 1418 futurum
1199 1384 1365 1419 debebunt
1398 1396 1437 1419 ac
1466 1390 1620 1431 poterunt
1648 1386 1896 1420 habundancius
1925 1398 2021 1421 eom-

180 1444 325 1490 placere,
361 1447 444 1490 ipsis
481 1443 723 1490 infrascriptam
760 1447 918 1488 graciam,
958 1444 998 1477 de
1035 1445 1192 1489 singulari
1222 1450 1337 1479 nostre
1365 1445 1577 1490 benignitatis
1614 1457 1751 1480 munere
1780 1450 1840 1480 rite
1870 1447 2022 1482 duximus

180 1505 378 1549 faciendum,
409 1505 630 1539 decernentes
660 1504 776 1550 quodsi
805 1505 942 1539 dilectus
971 1505 1065 1540 noh1s
1095 1506 1304 1540 Hermannus
1333 1505 1435 1539 frater
1464 1509 1608 1552 ipsorum
1638 1507 1754 1541 Junior
1781 1510 1812 1540 in
1842 1508 2021 1542 minoribus

181 1569 275 1599 annis
305 1577 364 1600 seu
394 1569 498 1600 eciam
528 1566 691 1612 completo
720 1565 902 1611 pubertatis
933 1577 993 1600 sue
1022 1569 1175 1608 terminor
1206 1566 1383 1600 heredibus
1413 1567 1580 1611 legittimis
1604 1578 1668 1601 non
1694 1567 1815 1601 relictis
1836 1568 2023 1602 decesserit

181 1630 212 1659 et
236 1626 276 1659 de
303 1626 399 1661 bonis
432 1638 471 1660 ac
499 1625 598 1661 rebus
628 1629 709 1669 suis,
739 1627 833 1660 aliter
861 1638 926 1660 non
956 1627 1166 1673 disposuerit,
1197 1626 1281 1671 quod
1307 1631 1447 1660 extunc
1468 1629 1575 1660 omnis
1597 1626 1796 1661 hereditaria
1817 1639 1875 1661 sua
1896 1632 2020 1674 porcio.

183 1686 221 1719 ad
252 1687 459 1732 supradictos
496 1686 617 1721 fratres
650 1692 683 1721 et
721 1698 834 1721 eornm
871 1687 1048 1732 quemlibet
1083 1687 1245 1732 equaliter
1280 1687 1484 1722 deuoluator.
1522 1690 1605 1721 iusta
1643 1691 1675 1720 et
1703 1688 1809 1733 equali
1838 1692 2021 1734 particione

181 1751 266 1782 inter
295 1750 384 1793 ipsos
413 1748 560 1792 legitime
589 1747 764 1782 diuidenda
794 1747 866 1781 Non
896 1748 1049 1782 obstante
1078 1759 1118 1781 eo
1148 1748 1233 1794 quod
1263 1751 1303 1781 sit
1332 1748 1454 1781 diuisus
1484 1747 1524 1781 ab
1554 1751 1632 1794 ipsis
1662 1753 1694 1781 et
1721 1759 1786 1782 non
1815 1748 2020 1783 obstantibus

182 1807 306 1841 iuribus
336 1807 600 1851 deuolucionum‚
631 1808 671 1842 ad
700 1809 861 1853 Regalem
883 1808 1055 1842 Cameram
1086 1812 1157 1842 siue
1186 1808 1300 1842 fiscum
1322 1808 1558 1854 spectantibus,
1589 1819 1651 1853 que
1671 1808 1711 1842 de
1731 1809 1889 1854 singulari
1910 1815 2023 1844 nostre

182 1871 366 1902 maiestatis
396 1868 512 1902 fauore
541 1870 572 1902 in
601 1879 683 1902 casu
711 1872 872 1914 premisso
902 1874 1014 1903 nostro
1040 1869 1196 1903 heredum
1218 1874 1249 1903 et
1269 1880 1505 1904 successorum
1525 1873 1712 1902 nostrorum
1735 1869 1863 1914 Regum
1886 1870 2022 1904 Boemie

181 1931 316 1962 nomine
344 1931 544 1973 generosius
574 1929 774 1973 relaxamus,
805 1933 1016 1975 presencium
1046 1929 1104 1963 sub
1134 1934 1248 1963 nostre
1278 1933 1457 1964 maiestatis
1487 1930 1594 1974 sigillo
1624 1933 1812 1964 testimonio
1841 1931 2020 1965 literarum.

183 1988 302 2022 Datum
332 1989 451 2034 Prage7
490 1989 589 2022 Anno
618 1988 748 2023 Domini
777 1989 950 2024 Millesimo
980 1990 1232 2024 Trecentesimo
1262 1990 1544 2036 Quinquagesimo
1574 1993 1677 2024 tercio
1700 1991 1888 2025 Indiccione
1913 1997 2021 2033 sexta,

183 2048 274 2085 VIII.
305 2047 382 2085 Idus
411 2049 580 2094 februarij,
610 2049 803 2095 Regnorum
833 2055 1020 2085 nostrorum
1051 2051 1150 2085 Anno
1180 2051 1340 2097 Septimo.

491 2135 566 2173 [Aus
590 2138 653 2163 dem
679 2137 756 2172 Orig.
783 2138 833 2164 des
857 2138 938 2172 griifl.
965 2127 1162 2165 Cernin'schen
1189 2137 1327 2164 Archives
1352 2139 1379 2163 iu
1405 2138 1539 2164 Neuhaus
1564 2139 1655 2173 copirt
1679 2139 1767 2165 durch
1791 2139 1818 2167 J.
1844 2136 1964 2176 Chytit)

1060 2283 1158 2318 191.

928 2370 958 2402 7.
989 2369 1145 2403 Februar
1175 2370 1283 2404 1353.

341 2445 502 2498 Carolus
531 2464 587 2498 IV.
626 2463 778 2498 concedit
814 2467 1014 2499 monasterio
1050 2465 1225 2499 Slavorum
1261 2469 1292 2499 in
1322 2465 1418 2499 Nova
1455 2469 1590 2500 civitate
1622 2468 1792 2511 pragensi,
1829 2470 1862 2499 ut
1890 2477 1907 2499 e
1936 2466 2023 2500 silva

187 2524 291 2568 regali
319 2524 378 2559 sub
408 2529 518 2559 monte
540 2524 673 2570 Borivoj
702 2529 876 2570 quotannis
905 2530 1043 2570 quatuor
1072 2530 1228 2560 vecturas
1258 2527 1422 2571 lignorum
1450 2526 1591 2570 roboris,
1622 2526 1706 2572 quod
1737 2526 1837 2570 vulgo
1866 2525 1928 2560 ssoz
1958 2537 2024 2572 ap-
