2206 2735
1116 70 1160 124 65

212 190 362 236 prefatus
389 199 489 235 super
508 188 569 221 hiis
590 187 778 231 diligentius
798 184 1006 227 informatus,
1038 182 1214 218 attendens
1234 185 1399 228 premissa
1420 182 1493 216 fore
1513 188 1628 217 contra
1652 183 1927 219 constitutionem
1949 185 2067 220 dudum

213 262 272 296 per
300 249 407 284 felicis
436 247 686 282 recordacionis
715 245 901 279 Jobannem
930 243 992 278 ΡΡ.
1023 243 1121 277 XXII
1150 242 1426 290 predecessorem
1455 247 1603 277 nostrum
1632 255 1731 290 super
1759 244 1822 279 hoc
1861 245 1979 280 editam
2017 248 2068 280 illa

214 310 284 344 lieri
313 309 479 356 prohibuit
506 319 567 354 per
595 318 674 341 suas
704 307 818 340 literas
848 305 1025 352 speciales.
1064 303 1135 337 Nos
1165 306 1265 348 igitur
1292 306 1466 350 cupientes
1495 308 1634 338 cunctos
1663 305 1848 340 orthodoxe
1877 306 1952 340 fidei
1981 318 2063 353 pro—

214 370 376 413 fessores,
412 374 445 403 et
481 371 573 402 viros
610 369 784 413 presertim
822 366 1070 400 ecclesiasticos
1100 367 1149 398 sic
1179 364 1218 397 ad
1248 366 1393 398 invicem
1422 368 1455 397 et
1483 364 1590 409 quoad
1620 364 1703 398 alios
1733 368 1829 399 etiam
1858 368 2067 401 conversari

216 430 301 477 quod
332 441 375 463 ex
406 439 521 462 eorum
551 427 665 461 verbis
695 438 753 461 seu
783 429 887 471 gestis
917 425 1037 459 nullius
1066 424 1251 458 offendatur
1279 427 1413 467 iustitia,
1443 425 1633 470 nullumque
1665 428 1846 459 animarum
1884 427 2070 462 detrimen-

217 496 282 524 tum
311 492 502 536 proveniat,
540 499 602 521 nec
638 490 736 521 etiam
772 490 923 531 cuiquam
954 484 1102 519 scandali
1131 488 1268 519 materia
1297 490 1507 531 preparetur,
1543 497 1581 519 ac
1620 486 1774 520 volentes
1801 491 1838 520 ut
1864 488 1948 533 quod
1979 491 2067 522 circa

217 550 489 584 observationem
527 551 773 582 constitutionis
808 546 957 580 eiusdem
994 557 1053 592 per
1089 545 1210 579 dictum
1242 545 1427 580 Gnidonem
1462 546 1536 580 olim
1566 547 1709 592 legatum
1739 547 1901 592 prefatum
1929 550 2069 594 proinde

218 612 340 644 factum
376 614 428 643 est
464 609 655 653 diligentius
690 608 901 649 observetur,
938 610 1149 653 ipsorumque
1185 607 1326 641 Ministri
1362 612 1396 641 et
1429 607 1564 641 fratrum
1600 607 1895 654 supplicationibus
1924 610 2068 642 inclinati

218 672 415 705 fraternitati
446 674 558 704 vestre
586 681 646 715 per
675 669 859 715 apostolica
889 671 1013 714 scripta
1042 667 1247 711 mandamus,
1278 671 1428 713 quatinus
1457 678 1519 702 vos
1549 668 1602 701 vel
1632 667 1695 701 duo
1724 672 1777 701 aut
1805 679 1888 702 unus
1918 674 2067 703 vestrum

218 742 278 777 per
311 741 373 764 vos
410 731 464 764 vel
500 730 597 763 alium
637 740 695 762 seu
735 728 817 762 alios
853 728 993 761 eandem
1029 727 1304 762 Constitutionem
1345 731 1438 762 cuius
1475 733 1623 762 tenorem
1660 728 1799 763 fecimus
1829 729 1870 763 de
1898 729 2003 764 verbo
2032 731 2071 763 ad

219 791 356 825 verbum
387 790 596 837 presentibus
627 792 740 823 inseri.
771 790 902 822 faciatis
932 791 1128 822 auctoritate
1157 794 1269 823 nostra
1300 793 1330 822 in
1361 789 1448 823 dicta
1477 792 1649 835 provincia
1685 789 1920 824 inviolabiliter
1949 790 2067 824 obser-

219 854 290 885 vari
329 851 594 884 contradictores
632 861 690 895 per
727 860 902 883 censuram
939 849 1200 883 ecclesiasticam
1237 850 1493 895 compescendo.
1550 849 1624 883 Non
1662 850 1816 884 obstante
1850 853 1877 885 si
1907 851 2068 896 aliquibus

220 914 438 945 communiter
465 911 521 944 vel
549 910 682 944 divisim
712 922 728 943 a
758 910 838 943 sede
867 910 1048 956 apostolica
1078 913 1118 943 sit
1147 910 1316 949 indultum„
1347 911 1431 956 quod
1461 911 1624 948 interdici,
1655 911 1813 958 suspendi
1842 912 1897 945 vel
1926 922 2068 945 excom-

222 974 381 1006 municari
410 982 475 1005 non
505 974 630 1016 possint
661 981 720 1016 per
749 971 862 1004 literas
890 970 1090 1016 apostolicas
1119 981 1183 1004 non
1213 970 1376 1005 facientes
1404 972 1535 1017 plenam
1566 976 1599 1005 et
1627 982 1824 1017 expressam
1845 983 1884 1006 ac
1904 972 1945 1005 de
1964 972 2068 1006 verbo

221 1033 260 1065 ad
290 1032 428 1066 verbum
458 1031 499 1064 de
528 1031 652 1064 indulto
682 1031 865 1064 huiusmodi
895 1034 1108 1064 mentionem.
1149 1031 1263 1065 'senor
1289 1042 1373 1065 vero
1402 1032 1489 1065 dicte
1517 1035 1759 1067 constitutionis
1789 1033 1861 1067 talis
1891 1038 1951 1067 est.
2006 1032 2071 1066 Jo—

221 1094 347 1126 liannes
377 1092 565 1138 Episcopus
595 1092 725 1125 Servus
755 1092 936 1126 Servorum
966 1091 1028 1125 Dei
1066 1091 1321 1126 venerabilibus
1353 1092 1510 1127 fratribus
1539 1093 1755 1136 Patriarchis„
1794 1093 2070 1140 Archiepiscopis

221 1158 253 1186 et
282 1153 476 1198 Episcopis.
516 1164 554 1186 ac
593 1152 722 1186 dilectis
758 1153 832 1186 tiliis
868 1153 1011 1198 Eleous„
1047 1152 1086 1186 ad
1119 1163 1201 1198 quos
1238 1157 1412 1198 presentes
1447 1153 1543 1187 litere
1575 1156 1809 1199 pervenirent,
1857 1153 2004 1187 Salutem
2040 1158 2071 1187 et

223 1214 451 1259 Apostolicam
481 1213 767 1247 Benedictionem.
798 1213 866 1248 Vas
894 1214 1069 1248 electionis
1099 1217 1242 1248 eximius
1270 1219 1302 1248 et
1330 1217 1490 1259 egregius
1518 1214 1719 1260 predicator.
1756 1218 1850 1248 cuius
1889 1214 2071 1260 predicatio

221 1274 373 1307 mundum
403 1274 513 1308 docuit
542 1278 745 1309 universum.
777 1280 1062 1321 presumptuosain
1091 1275 1220 1308 illorum
1249 1274 1400 1308 refrenat
1428 1274 1602 1308 audaciam
1632 1275 1791 1311 solicitus.
1823 1277 1876 1319 qui
1897 1274 2070 1320 prudentie

212 1337 352 1380 ,proprie
382 1337 558 1369 innitentes
588 1339 618 1369 in
648 1346 782 1369 errores
811 1339 924 1370 varios
954 1335 1168 1382 prolabuntur
1195 1346 1261 1369 non
1290 1337 1363 1381 plus
1393 1347 1515 1382 sapere
1543 1347 1640 1382 quam
1669 1340 1809 1381 opor-ten
1853 1336 1911 1369 sed
1941 1335 1981 1368 ad
2011 1346 2071 1369 so-

222 1395 395 1429 brietatem
424 1406 544 1442 sapere
573 1396 695 1430 salubri
726 1396 874 1430 doctrina
904 1400 1088 1442 suggessit,
1118 1402 1151 1430 ut
1171 1399 1260 1431 iuxta
1290 1399 1450 1443 sapientis
1471 1397 1636 1443 eloquium
1656 1399 1795 1442 quisque
1816 1407 1877 1430 sue
1897 1396 2071 1443 prudentie

223 1456 351 1489 modum
389 1461 499 1501 ponat.
557 1456 647 1490 Sane
681 1456 800 1490 dudum
839 1468 912 1490 cum
950 1457 1103 1491 dilectum
1142 1458 1242 1491 filium
1271 1456 1469 1503 Magistrum
1496 1456 1688 1492 Johannem
1723 1457 1763 1491 de
1792 1457 1937 1491 Polliaco
1973 1468 2071 1491 sacre

222 1516 406 1560 'l'heologie
435 1516 605 1550 doctorem
643 1520 742 1550 certis
780 1528 823 1550 ex
861 1521 971 1551 causis
1000 1518 1041 1551 de
1069 1518 1204 1553 fratrum
1234 1523 1421 1552 nostrorum
1451 1518 1591 1553 consilio
1624 1518 1663 1552 ad
1692 1522 1839 1552 nostram
1868 1520 2070 1564 presentiam

225 1580 490 1620 vocavissemus„
530 1577 694 1622 fidedigna
724 1578 841 1611 relatio
871 1578 909 1611 ad
939 1584 1088 1613 nostrum
1118 1580 1273 1625 perduxit
1301 1580 1457 1620 auditune
1488 1578 1573 1624 quod
1603 1582 1673 1625 ipse
1702 1582 1733 1612 in
1763 1578 1958 1624 quibusdam
1988 1581 2070 1611 arti-

223 1638 304 1671 culis
348 1638 561 1683 tangentibus
604 1641 786 1684 penitentie
822 1645 1068 1674 sacramentum
1097 1651 1162 1674 non
1193 1640 1315 1681 sobria
1353 1640 1411 1674 sed
1440 1650 1617 1685 perperam
1650 1638 1800 1684 sapiebat
1839 1638 2071 1684 infrascriptos

224 1698 381 1732 articulos
410 1700 629 1744 periculosos
660 1703 872 1734 continentes
902 1711 1036 1735 errores
1062 1701 1185 1735 docens
1213 1700 1346 1746 publice
1374 1703 1407 1734 in
1431 1703 1499 1734 suis
1518 1699 1800 1746 predicationibus
1821 1701 1905 1733 etin
1927 1698 2071 1739 scholis3

225 1761 328 1804 primo
375 1760 534 1804 siquidem
575 1765 729 1794 astruens
768 1761 852 1806 quod
891 1761 1038 1795 confessi
1076 1762 1232 1796 fratribus
1269 1761 1465 1795 habentibus
1493 1762 1657 1796 licentiam
1686 1760 1881 1805 generalem
1919 1759 2072 1793 audiendi

225 1819 472 1857 confessiones
502 1826 656 1855 tenentur
684 1822 798 1855 eadem
829 1827 967 1868 peccata
997 1834 1060 1868 que
1089 1823 1235 1857 confessi
1264 1823 1397 1856 fuerunt
1424 1825 1540 1856 iterum
1566 1820 1715 1855 confiteri
1736 1824 1871 1867 proprio
1892 1821 2070 1855 sacerdoti.

225 1880 381 1913 Secundo
410 1881 496 1925 quod
526 1886 634 1916 stante
664 1887 784 1916 statuto
813 1886 919 1917 omnis
948 1887 1118 1930 utriusque
1146 1895 1248 1918 sexus
1278 1884 1365 1918 edito
1393 1886 1425 1917 in
1454 1883 1594 1917 concilio
1623 1883 1772 1928 generali
1793 1882 1963 1916 Romanus
1983 1892 2068 1927 pon-

224 1940 305 1974 tifex
344 1952 409 1975 non
447 1946 555 1987 potest
584 1942 710 1976 facere.
746 1943 831 1987 quod
860 1944 1072 1989 parrochiani
1100 1956 1166 1978 non
1197 1948 1370 1978 teneantur
1399 1947 1506 1978 omnia
1535 1947 1672 1989 peccata
1703 1954 1761 1977 sua
1792 1942 1894 1976 semel
1924 1945 1954 1975 in
1984 1953 2071 1976 anno

224 2005 356 2047 proprio
392 2003 556 2036 sacerdoti
595 2004 756 2045 confiteri,
790 2015 884 2050 quein
924 2005 1000 2039 dicit
1037 2017 1117 2039 esse
1140 2005 1380 2052 parrochialem
1410 2009 1570 2047 curatum,
1610 2014 1688 2050 ymo
1723 2015 1786 2037 nec
1821 2004 1927 2038 dictus
1956 2009 2071 2050 posset

225 2063 287 2095 hoc
315 2062 440 2097 face-re.
477 2067 550 2109 quia
587 2069 620 2097 ut
657 2064 787 2098 dicebat
815 2066 959 2111 implicat
986 2067 1294 2100 contradictionem.
1352 2066 1466 2100 Tertio
1501 2065 1586 2110 quod
1624 2065 1712 2111 Papa
1750 2076 1815 2099 non
1846 2069 1955 2110 potest
1992 2065 2071 2098 dare

222 2124 415 2167 generalem
443 2129 640 2169 potestatem
670 2125 822 2159 audiendi
850 2126 1094 2169 confessiones,
1122 2138 1201 2173 ymo
1230 2138 1293 2161 nec
1324 2126 1422 2163 Deus
1448 2125 1579 2171 quando
1599 2125 1774 2159 confessus
1794 2124 1931 2159 habenti
1959 2136 2069 2169 gene-

221 2183 324 2216 ralem
360 2184 524 2217 licentiam
557 2189 710 2218 teneatur
744 2188 861 2220 iterum
898 2187 1013 2221 eadem
1051 2192 1189 2234 peccata
1214 2186 1365 2222 confiteri
1393 2189 1526 2233 proprio
1551 2186 1727 2220 sacerdoti.
1758 2196 1855 2231 quem
1875 2185 1952 2219 dicit
1980 2196 2068 2219 esse.

222 2248 256 2277 ut
290 2246 487 2289 premittitur
520 2244 766 2290 parrochialem
801 2251 960 2282 curatum.
1004 2248 1073 2282 Nos
1101 2251 1201 2293 igitur
1225 2252 1314 2283 scire
1342 2248 1495 2282 volentes
1526 2250 1553 2282 si
1582 2252 1740 2292 suggesta
1769 2246 1866 2281 nobis
1895 2249 2069 2280 veritatem

224 2303 396 2345 haberent,
426 2305 636 2339 articulorum
666 2309 902 2352 premissorum
929 2312 1059 2354 copiam
1084 2309 1191 2343 eidem
1219 2309 1381 2354 Magistro
1409 2306 1558 2342 Johanni
1586 2307 1726 2342 fecimus
1756 2310 1933 2353 assignari,
1969 2310 2001 2340 et
2029 2307 2069 2340 ad

223 2364 453 2399 defensionem
483 2369 533 2400 sui
562 2366 760 2400 audientiam
790 2367 920 2413 plenam
950 2368 1011 2403 sibi
1039 2369 1242 2415 prebuimus,
1279 2374 1343 2403 tam
1380 2372 1411 2403 in
1441 2373 1554 2403 nostra
1585 2373 1618 2403 et
1645 2368 1807 2403 dictorum
1836 2367 1973 2402 fratrum
2002 2378 2069 2401 no-

225 2429 365 2459 strorum
400 2430 569 2472 presentia
598 2429 629 2461 in
662 2427 880 2471 Consistorio‚
918 2440 1016 2475 quarn
1045 2431 1128 2465 alias
1157 2441 1268 2464 coram
1299 2429 1460 2476 aliquibus
1489 2441 1532 2463 ex
1562 2432 1641 2475 ipsis
1665 2428 1821 2463 fratribus
1849 2439 1909 2474 per
1936 2438 1998 2462 nos
2029 2428 2068 2461 ad

223 2484 408 2520 huiusmodi
436 2486 612 2532 deputatis.
650 2487 773 2521 Verum
802 2488 879 2522 licet
901 2489 1050 2536 prefatus
1078 2489 1241 2535 Magister
1267 2490 1439 2525 Johannes
1468 2490 1572 2524 dictos
1602 2490 1757 2524 articulos
1792 2493 1823 2522 et
1852 2492 2006 2523 contenta
2038 2491 2069 2521 in

222 2547 304 2591 ipsis
333 2545 515 2581 defendere
543 2551 715 2591 niteretur„
745 2549 906 2583 offerebat
930 2554 1038 2585 tamen
1068 2562 1106 2585 se
1133 2555 1281 2598 paratum
1310 2550 1451 2585 credere
1479 2555 1512 2585 et
1540 2555 1656 2585 tenere
1683 2553 1714 2583 in
1743 2551 1917 2596 premissis
1946 2555 1978 2584 et
1998 2549 2068 2583 aliis

1909 2611 1924 2635 9
