2206 2735
1072 63 1116 97 15

169 183 201 212 et
230 177 403 211 nonnullas
433 177 513 211 alias
543 177 640 210 villas
669 178 778 210 curias
816 181 847 209 et
881 178 1000 209 vineas
1028 178 1132 220 ipsius
1169 174 1362 208 Monasterii
1400 175 1438 208 ad
1482 176 1580 219 longa
1618 180 1765 221 tempora
1802 178 1834 208 et
1871 177 1900 207 in
1936 185 2020 219 per-

169 244 303 285 petuum
334 239 419 271 nulla
449 239 654 271 necessitate
682 241 824 280 urgente
852 236 906 270 vel
943 236 1080 269 utilitate
1110 236 1184 269 dicti
1213 234 1408 268 Monasterii
1438 241 1646 280 exposcente
1674 237 1843 268 concessit
1871 239 1903 267 et
1932 234 2018 267 alie-

170 302 261 333 navit
290 302 331 332 ita
360 297 446 343 quod
479 300 585 342 ipsum
621 295 859 330 Monasteriuiu
896 298 928 330 in
963 299 1031 330 suis
1066 295 1247 330 redditibus
1284 297 1365 328 ultra
1404 295 1569 328 dimidium
1607 295 1795 329 diminutum
1829 295 1869 328 ad
1900 299 2018 328 tantam

170 362 315 404 inopiam
343 363 395 392 est
423 357 610 393 deductum.
641 357 725 401 quod
743 356 951 403 quamplures
973 354 1131 390 Canoniei
1161 361 1193 390 et
1221 368 1366 402 persone
1395 356 1435 389 de
1464 359 1536 402 ipso
1565 355 1767 389 Monasterio
1796 360 1931 402 propter
1960 367 2020 389 ur-

170 425 302 465 gentem
332 422 557 464 paupertatem
586 418 748 451 recedere
776 422 850 451 sunt
878 419 997 459 coacti.
1032 421 1065 450 et
1101 417 1154 450 alii
1189 420 1241 462 qui
1275 421 1507 450 remanserunt
1542 420 1573 450 in
1603 427 1643 450 eo
1677 427 1743 449 non
1782 416 1903 450 habent
1935 416 2022 449 unde

171 482 301 527 possint
335 489 485 523 congrue
522 481 711 520 sustentari,
747 482 883 524 propter
916 477 1001 523 quod
1037 479 1135 511 etiam
1169 479 1275 511 cultus
1312 478 1443 511 divinus
1479 477 1597 510 ibidem
1634 477 1807 522 plurimum
1843 477 2020 510 diminutus

172 543 292 574 existit.
323 539 363 573 Et
392 538 477 584 quod
506 538 582 571 licet
611 538 750 571 dilectus
780 538 864 571 lilius
886 566 892 571 .
916 565 922 571 .
945 537 1060 571 Abbas
1081 536 1275 571 Monasterii
1297 537 1597 571 premonstratens.
1617 536 1829 570 Laudunens.
1851 537 1950 582 dyoc.
1981 537 2022 570 ad

175 611 272 646 quem
293 600 486 633 Conventus
517 600 683 644 predictus
713 609 812 644 super
833 598 894 632 hiis
914 598 1099 632 habuerunt
1125 609 1298 631 recursum
1319 598 1425 631 eidem
1447 597 1569 631 Abbati
1589 597 1783 631 Monasterii
1803 597 2021 631 Sti-ahomens

170 672 231 707 per
259 672 336 694 suas
365 659 512 693 dedisset
542 658 652 692 literas
681 662 713 692 in
742 659 903 692 mandatis
933 663 966 692 ut
994 661 1026 692 in
1055 661 1227 704 premissis
1264 658 1304 692 de
1342 662 1428 692 iusto
1458 663 1489 691 et
1524 644 1686 704 oporsuno
1721 659 1868 691 remedio
1904 662 2023 704 provi-

173 721 266 755 deret
295 724 366 767 ipse
395 725 503 754 tamen
534 718 649 754 Abbas
671 718 863 752 Monasterii
886 718 1114 753 Strahoinens.
1133 723 1297 763 tamquam
1319 723 1489 765 promotor
1509 723 1539 752 et
1560 718 1668 752 fautor
1688 718 1836 752 eiusdem
1858 718 2022 752 Hinlzonis

173 784 291 816 intrusi
327 792 426 826 super
460 780 521 814 hiis
554 779 733 826 providere
770 783 802 813 in
837 783 946 813 anime
983 791 1043 814 sue
1077 780 1258 825 periculum
1304 782 1455 824 nequiter
1494 782 1676 813 recusavit.
1729 778 1840 819 Quare
1876 779 2021 824 prefatus

173 841 404 875 Theudoricus
434 851 493 874 suo
523 845 554 874 et
581 840 740 873 dictorum
762 840 955 873 Conventus
985 843 1118 873 nomine
1146 839 1242 873 nobis
1272 839 1436 873 humiliter
1464 841 1675 886 supplicavit.
1705 845 1738 874 ut
1767 843 1846 886 ipsis
1877 845 1907 873 et
1938 840 2022 873 dicto

172 902 376 937 Monasterio
406 912 507 947 super
536 901 596 934 hiis
626 901 665 934 de
694 905 857 946 oportuno
881 902 1060 946 providere
1088 901 1235 934 remedio
1265 900 1490 944 dignaremur.
1519 899 1589 934 Nos
1617 903 1717 944 igitur
1736 899 1920 934 huiusmodi
1940 911 2024 946 sup-

173 961 403 1009 plicationibus
438 962 582 995 inclinati
618 972 692 994 cuin
728 962 834 995 dictus
870 961 1099 996 Theudoricus
1133 961 1294 995 dictorum
1330 961 1472 995 Abbatis
1508 960 1700 995 Monasterii
1730 961 1962 995 Strahomens.
1993 965 2023 994 et

173 1023 336 1057 Hinkonis
366 1025 543 1068 potentiam
574 1025 689 1055 merito
718 1021 980 1067 perhorrescens
1009 1024 1100 1067 ipsas
1136 1021 1220 1055 infra
1251 1020 1426 1055 Civitatem
1457 1026 1488 1055 et
1526 1022 1623 1068 dyoc
1668 1021 1827 1066 Pragens.
1859 1026 2026 1066 nequeant

173 1086 356 1116 convenire
385 1093 515 1116 secure.
546 1082 749 1116 Discretioni
779 1087 893 1116 vestre
920 1094 981 1129 per
1013 1082 1196 1128 apostolica
1233 1085 1355 1128 scripta
1390 1083 1582 1116 mandamus
1617 1086 1769 1127 quatinus
1803 1085 1934 1116 vocatis
1972 1085 2025 1126 qui

174 1144 295 1177 fuerint
323 1143 487 1177 evocandi
504 1148 533 1176 et
551 1143 669 1177 auditis
699 1143 774 1176 hinc
803 1143 879 1177 inde
907 1145 1085 1189 propositis
1116 1153 1216 1188 super
1244 1145 1427 1176 intrusione
1447 1143 1680 1189 dilapidatione
1710 1143 1909 1176 alienatione
1936 1154 2026 1176 cou-

175 1207 334 1238 cessione
363 1216 401 1238 ac
439 1203 641 1248 obligatione
676 1207 846 1249 premissis
882 1203 1013 1237 faciatis
1046 1206 1166 1237 iustitie
1199 1203 1487 1248 complementum.
1524 1208 1557 1237 et
1591 1203 1674 1249 quod
1715 1203 1933 1237 decreveritis
1967 1214 2027 1248 per

175 1275 350 1298 censuram
371 1264 632 1298 ecclesiasticam
653 1265 875 1310 appellatione
898 1267 1083 1310 postposita
1113 1263 1249 1298 firmiter
1278 1263 1461 1297 observari.
1492 1263 1567 1298 Non
1588 1264 1794 1298 obstantibus
1815 1268 1842 1297 si
1863 1264 2026 1309 aliquibus

175 1328 396 1359 communiter
423 1326 478 1359 vel
507 1325 635 1359 divisim
666 1337 682 1359 a
713 1325 795 1359 sede
823 1325 1004 1371 apostolica
1034 1328 1073 1358 sit
1101 1324 1258 1358 indultum
1289 1324 1374 1369 quod
1403 1324 1555 1358 interdici
1589 1324 1745 1370 suspendi
1773 1328 1804 1357 et
1825 1335 2025 1358 excommu-

176 1388 280 1419 nicari
309 1397 374 1419 non
403 1389 530 1432 possint
558 1397 618 1432 per
645 1386 757 1420 literas
786 1387 986 1432 apostolicas
1016 1396 1080 1419 non
1111 1385 1275 1418 facientes
1306 1385 1438 1431 plenam
1467 1389 1499 1418 et
1534 1396 1732 1431 expressam
1769 1384 1807 1418 ad
1846 1385 1887 1418 de
1921 1386 2026 1419 verbo

176 1447 215 1480 ad
244 1446 385 1480 verbum
413 1447 453 1480 de
481 1446 605 1480 indulto
635 1446 822 1481 huiusmodi
857 1449 1066 1480 mentionem.
1105 1445 1199 1487 Quod
1230 1448 1257 1479 si
1284 1456 1349 1479 non
1381 1456 1498 1479 omnes
1527 1445 1588 1479 hiis
1617 1447 1824 1490 exequendis
1853 1449 2025 1491 potueritis

176 1510 352 1550 interesse⁷
382 1507 446 1542 duo
475 1512 623 1542 vestrum
651 1507 884 1542 nichilominus
913 1502 1133 1552 exequantur.
1164 1505 1284 1540 Datum
1305 1508 1474 1540 Avinione
1494 1505 1592 1539 xvii
1620 1506 1789 1540 Kalendas
1817 1505 1896 1540 Maii
1925 1507 2025 1540 Anno

178 1567 320 1602 Octavo.

485 1627 560 1665 [Aua
585 1630 649 1654 dem
674 1628 753 1662 orig.
784 1629 857 1663 Reg.
889 1629 1020 1654 Clemens
1045 1628 1090 1656 Vl.
1116 1628 1163 1655 lib.
1189 1629 1218 1655 4.
1242 1636 1309 1662 pars
1334 1629 1362 1655 2.
1387 1628 1471 1663 epist.
1499 1629 1558 1654 653
1582 1636 1648 1662 pag.
1677 1628 1754 1658 172ς
1794 1628 1937 1654 vidimirte
1961 1629 2027 1654 Ab·

589 1681 691 1707 schrift
713 1682 751 1706 im
775 1680 1032 1714 Laudesarchive.)

1066 1828 1138 1864 21.

180 1913 310 1947 Kaiser
338 1914 429 1946 Karl
455 1914 475 1947 I
483 1914 516 1947 V.
548 1915 691 1948 rerlez'ht
719 1916 780 1948 den
809 1915 1050 1948 menz-herren
1078 1917 1138 1948 mit
1166 1916 1236 1948 ciem
1265 1914 1387 1947 rothen
1415 1914 1541 1947 Sterue
1567 1915 1624 1957 seir
1658 1914 1762 1947 deren
1798 1914 2028 1958 Besz'lzuteyen

181 1976 215 2007 in
244 1973 403 2007 Budwez's
431 1974 601 2008 dieselben
628 1975 839 2016 Freileec'ten,
869 1975 994 2009 welche
1023 1976 1084 2009 das
1105 1975 1425 2019 Kreusherrenstift
1454 1977 1487 2008 in
1508 1975 1602 2019 Praq
1631 1974 1764 2008 besitzt.
1787 1974 1846 2008 Dt.
1868 1975 2028 2008 Bada-eis

940 2036 999 2070 21.
1030 2037 1135 2080 April
1163 2036 1272 2070 1350.

340 2103 500 2155 sarolus
530 2121 592 2154 Dei
620 2125 725 2166 gratia
754 2122 978 2156 Romanorum
1000 2122 1077 2156 Rex
1110 2134 1245 2168 semper
1274 2124 1447 2167 Augustus
1476 2126 1508 2156 et
1528 2121 1664 2155 Boemie
1684 2122 1759 2156 Rex
1790 2121 1939 2156 fidelibus
1960 2127 2028 2156 suis

183 2181 311 2215 dilectis
340 2181 447 2215 Judici
476 2182 600 2215 Juratis
630 2186 662 2215 et
691 2182 824 2216 Ciuibus
854 2187 907 2227 qui
937 2195 1023 2216 nunc
1051 2189 1126 2216 sunt
1154 2189 1183 2216 et
1213 2195 1272 2230 pro
1302 2189 1452 2228 tempore
1480 2182 1601 2216 fuerint
1630 2187 1661 2216 in
1697 2182 1855 2216 Budweis
1889 2188 2028 2227 gratiam

184 2245 311 2286 regiam
340 2246 373 2275 et
400 2253 497 2276 omne
526 2242 658 2276 bonum.
689 2242 856 2277 Noueritis
886 2245 970 2289 quod
1002 2243 1165 2277 Vniuersa
1195 2249 1227 2278 et
1255 2245 1384 2289 singula
1416 2244 1500 2276 bona
1531 2243 1569 2276 ad
1600 2243 1770 2289 hospitale
1809 2255 1840 2277 in
1870 2244 2028 2277 Budvveis

185 2303 226 2336 de
254 2305 400 2348 presenti
430 2306 615 2349 spectantia
644 2307 767 2349 etque
796 2307 826 2337 in
866 2304 1006 2338 futurum
1041 2305 1081 2338 ad
1118 2308 1224 2350 ipsum
1261 2304 1430 2349 Hospitale
1469 2306 1636 2349 pertinere
1674 2309 1706 2337 et
1744 2305 1902 2337 deuenire
1939 2315 2029 2348 quo—

185 2374 326 2407 cumque
356 2363 447 2396 titulo
476 2367 642 2409 potuerint
670 2367 742 2398 siue
769 2367 801 2398 in
823 2364 962 2398 Ciuitate
987 2364 1109 2399 Vestra
1139 2365 1318 2398 eximenda
1348 2369 1381 2398 et
1408 2365 1577 2398 liberanda
1596 2367 1726 2410 penitus
1749 2365 1902 2398 duximus
1923 2365 2032 2398 taliter

185 2423 272 2468 quod
300 2422 481 2457 Vobiscum
510 2428 543 2458 et
569 2423 691 2458 Vestra
723 2423 862 2458 Ciuitate
890 2424 996 2459 nullas
1027 2426 1300 2469 contributiones.
1331 2425 1508 2469 Collectas,
1538 2425 1696 2468 subsidia,
1727 2437 1786 2459 seu
1815 2436 2030 2471 quaecumque

187 2483 250 2517 alia
279 2495 382 2517 onera
411 2488 444 2517 et
471 2488 664 2528 grauamina
694 2490 890 2531 supportare
927 2490 960 2520 et
995 2486 1107 2521 subire
1144 2491 1331 2530 teneantur,
1369 2492 1464 2533 prout
1499 2487 1568 2521 liaec
1597 2489 1630 2520 in
1664 2487 1736 2520 aliis
1774 2486 1875 2519 literis
1911 2489 2030 2519 nostris

187 2540 350 2588 Magistro
379 2548 411 2578 et
440 2544 624 2579 Conuentui
653 2545 896 2580 Cruciferorum
927 2558 1000 2581 cum
1030 2548 1131 2582 Stella
1161 2551 1192 2582 in
1221 2548 1306 2593 pede
1334 2551 1443 2594 pontis
1474 2547 1654 2592 Pragensis
1678 2558 1738 2593 per
1767 2558 1827 2580 nos
1855 2550 2030 2581 concessis
