2206 2735
986 106 1023 109 -
1036 54 1186 110 ,29⁰—

164 170 304 203 donunis
335 168 413 200 ,lure
444 170 474 200 in
504 165 655 200 omnibns
685 166 838 200 addendi.
898 166 948 200 Ad
978 178 1073 214 quem
1105 167 1248 201 libellum
1278 166 1399 201 Paulus
1428 167 1469 201 de
1498 166 1653 201 Cliocznn
1682 169 1832 201 notarius
1861 166 2012 213 publicus

164 241 222 275 per
252 229 398 275 prefatos
428 226 563 261 Nobiles
593 230 792 261 constitutus
829 232 1026 273 procurator
1061 227 1230 273 respondit
1271 229 1344 261 sine
1381 230 1516 274 scriptis
1546 230 1655 262 nnimo
1686 228 1773 261 litem
1803 227 2013 262 contestandi

164 301 290 333 negans
321 292 452 322 narrata
483 292 513 321 ut
545 293 723 322 narrantur
759 292 788 321 ct
827 291 926 333 petita
965 293 1084 334 petens
1117 287 1185 322 lieri
1215 298 1279 321 non
1310 286 1434 321 debere
1463 291 1495 322 et
1522 291 1666 334 receptis
1694 300 1711 322 a
1740 287 2012 333 procuratoribus

164 350 385 396 predictarum
422 351 568 395 parcium
606 348 646 382 ‹le
682 348 868 394 calumpnia
905 353 935 382 et
975 352 1116 382 ueritate
1146 347 1285 382 (licenda
1315 347 1354 381 ad
1385 351 1498 382 sancta
1528 347 1579 381 dei
1609 348 1786 392 evangelia
1818 350 2011 382 iuramentis

164 415 193 443 et
225 409 449 456 posicionibus
481 420 539 455 pro
567 414 659 454 parte
690 409 851 443 (lictorum
881 409 1087 443 dominorum
1119 408 1258 442 Abbatis
1287 413 1318 441 et
1347 406 1537 442 Conuentus
1558 408 1654 442 sactis
1683 413 1713 443 et
1735 407 2011 456 responsionibus

164 471 201 503 :ul
233 482 291 504 eas
321 470 510 504 subsecutis
540 475 570 504 et
601 482 617 503 a
649 469 788 503 testibus
818 480 876 514 pro
907 474 999 515 parte
1028 469 1188 503 dictorum
1219 469 1423 502 dominorum
1454 468 1596 503 Abbatis
1626 474 1657 503 et
1678 470 1871 504 Conuentus
1899 480 2011 503 coram

165 531 260 565 nobis
298 535 329 564 et
367 534 466 565 certis
495 533 733 564 commissariis
772 541 831 575 per
869 541 929 563 nos
968 530 1006 564 :nl
1044 529 1105 563 lioc
1144 529 1185 562 ‹le
1227 540 1397 563 consensu
1428 531 1570 575 ipsarum
1600 533 1747 575 parcium
1777 531 1941 577 deputatis
1971 529 2012 563 de

167 592 306 625 ‹lici-inlu
337 595 475 625 ueritate
514 593 708 625 iuramentis
748 593 891 636 receptis
930 593 1009 637 ipsis
1038 601 1168 635 quoqne
1197 593 1327 623 secreto
1358 593 1387 623 ct
1417 590 1579 633 sigillatim
1611 589 1786 634 diligenter
1814 592 2012 625 examinatis

164 658 194 686 vt
227 656 371 698 ipsorum
410 652 504 685 «liciis
542 654 705 696 inscriptis
743 652 896 684 redactis.
945 662 984 685 ac
1026 650 1157 684 tandem
1193 650 1340 684 vlteriori
1377 652 1507 683 testium
1544 650 1758 696 produceioni
1796 655 2012 697 procuratore

164 714 320 747 ‹licturum
353 712 491 746 Abbatis
521 717 549 745 et
581 712 773 745 Comminus
809 714 1026 745 renunciante
1062 713 1208 756 ipsisque
1245 710 1339 744 dictis
1378 713 1508 744 testium
1539 721 1611 744 cum
1641 713 1887 756 protestacione
1915 713 2011 746 solita

165 774 354 819 publicatis.
404 774 573 819 productis
609 776 714 806 eciam
753 771 946 817 quibusdam
984 771 1170 818 patentibus
1207 771 1311 805 literis
1348 782 1407 816 pro
1444 775 1536 817 parte
1575 771 1781 806 dominorum
1812 771 1950 806 Abbatis
1980 776 2012 805 et

164 836 365 869 t'onuentus.
397 839 511 868 contra
542 845 679 880 quorum
711 833 795 866 dictu
827 836 971 866 testium.
1002 843 1165 878 personas
1195 842 1233 865 ac
1262 831 1375 865 literas
1406 842 1464 877 pre
1493 836 1586 878 parte
1616 831 1823 866 dominorum
1851 831 2010 878 Stephani

165 900 195 929 et
225 895 326 929 erici
370 896 503 929 l'rutrum
534 899 710 940 exceptum
743 894 798 928 suit
827 898 860 927 et
888 905 946 940 pro
976 898 1069 939 parte
1098 892 1161 926 alia
1191 891 1385 938 replicatum
1423 904 1461 925 ae
1498 903 1542 926 ex
1578 897 1672 938 parte
1708 892 1870 927 Nobilium
1901 892 2012 938 dupli-

165 961 283 990 catuui.
317 956 352 989 lit
384 956 515 990 tandem
545 955 815 1001 proi·uratoribus
845 954 1013 988 ambarum
1044 955 1191 999 parcium
1221 952 1432 987 ulterioribus
1461 952 1724 997 allegaciouibus
1753 955 1783 987 in
1814 956 1885 999 ipsa
1909 964 2011 987 causa

165 1016 436 1051 remniciantibns
467 1021 496 1049 et
527 1019 556 1049 in
588 1016 703 1049 eadem
734 1027 833 1049 causa
865 1014 1016 1048 concludi
1045 1012 1234 1060 petentibus
1264 1016 1295 1047 in
1325 1016 1396 1059 ipsa
1426 1014 1650 1047 conclusimus
1679 1018 1711 1047 ct
1740 1025 1812 1048 eain
1840 1013 2011 1048 babuimus

166 1090 224 1124 pro
255 1078 426 1111 conclusa.
458 1082 582 1110 certam
614 1077 699 1110 (lieni
730 1076 921 1110 hesternam
951 1075 990 1109 ad
1021 1075 1226 1109 (lil'linitiuam
1256 1084 1415 1108 summam
1447 1074 1641 1108 audiendam
1672 1074 1889 1120 prefigentes,
1919 1086 2015 1121 quam

169 1151 271 1184 usque
302 1138 397 1171 bodie
427 1150 470 1171 ex
501 1141 601 1171 certis
632 1141 741 1171 causis
778 1137 932 1170 (luximus
963 1135 1220 1182 prorogandam.
1276 1134 1346 1168 Nos
1383 1137 1492 1180 itaque
1527 1134 1689 1169 Oslicialis
1727 1135 1897 1181 predictus
1934 1138 2013 1170 visis

169 1200 342 1241 diligenter
371 1199 523 1233 omnibns
553 1204 583 1232 et
614 1199 753 1241 singulis
783 1201 813 1231 in
844 1201 915 1243 ipsa
945 1208 1045 1231 causa
1077 1199 1185 1242 petitis
1223 1197 1402 1241 propositis
1432 1195 1580 1242 probatis
1611 1201 1643 1230 et
1671 1197 1841 1242 productis
1869 1201 1902 1230 et
1931 1207 2015 1241 equa

169 1263 299 1293 iusticie
332 1260 425 1293 lance
455 1260 617 1293 discussis
648 1260 752 1293 solum
785 1259 879 1292 deum
910 1257 1070 1291 babentes
1100 1269 1158 1303 pre
1187 1258 1291 1291 oculis
1321 1259 1456 1302 eiusque
1485 1260 1618 1291 nomine
1648 1260 1802 1292 inuocato
1831 1259 2016 1304 prenotatis

169 1321 269 1354 l'ratre
299 1319 458 1354 „Iohanne
488 1326 517 1353 et
552 1321 650 1354 l'aulo
681 1320 838 1353 dictarum
878 1322 1023 1364 parcium
1061 1318 1332 1363 procuratoribus
1370 1317 1656 1363 compreseutibus
1685 1322 1717 1352 et
1745 1329 1905 1353 summani
1935 1317 2015 1351 seri-i

169 1382 421 1427 postulantibus,
461 1385 711 1427 prenominatos
752 1379 955 1426 Stephanum
993 1384 1024 1413 et
1054 1378 1201 1412 Vlricum
1231 1378 1353 1412 fratres
1382 1381 1413 1412 in
1444 1390 1589 1424 persona
1620 1379 1757 1425 predicti
1787 1381 2015 1425 procuratoris

170 1446 313 1488 ipsorum
345 1443 384 1476 ad
414 1443 637 1477 desistendum
668 1441 707 1475 ab
738 1440 981 1487 impedimentis
1012 1445 1044 1473 et
1072 1440 1261 1482 violenciis,
1291 1450 1374 1485 quas
1403 1438 1625 1485 piscatoribus
1655 1439 1732 1474 dicti
1761 1439 1954 1474 Monasterii
1982 1441 2015 1472 in

171 1504 415 1550 piscacionibus
446 1508 476 1537 et
507 1507 693 1537 succisione
722 1502 885 1547 lignorum
915 1512 974 1548 pro
1013 1503 1187 1546 piscaturis
1222 1502 1493 1534 necessariorum
1523 1511 1626 1546 prope
1656 1500 1766 1534 villain
1796 1499 1954 1533 Costelan
1984 1503 2015 1532 et

171 1565 208 1598 :ul
239 1565 462 1598 dimittendum
493 1564 597 1598 libere
627 1563 737 1597 villam
767 1562 959 1597 lllinlionicz
989 1572 1062 1595 cum
1093 1563 1194 1607 ipsius
1224 1561 1339 1595 usibus
1375 1560 1500 1595 iuribus
1539 1565 1571 1594 et
1600 1563 1818 1607 pertinenciis
1848 1561 2017 1595 vniuersis

171 1629 407 1672 prenominatis
441 1625 562 1659 Abbati
600 1630 630 1658 ct
670 1624 856 1659 Conuentui
886 1634 925 1656 ae
963 1633 1078 1656 eorum
1108 1621 1313 1655 Monasterio
1342 1633 1401 1668 per
1429 1625 1520 1668 ipsos
1550 1620 1716 1656 Abbatem
1747 1625 1779 1654 et
1808 1620 2015 1654 Conuentum

170 1687 306 1732 pacilicc
337 1686 510 1720 tenendam
541 1691 604 1719 tam
636 1685 699 1728 diu,
731 1696 794 1730 quo
823 1694 927 1730 usqne
957 1685 1133 1727 sexaginta
1172 1693 1284 1716 marce
1313 1682 1438 1717 eisdem
1468 1682 1590 1716 suerint
1619 1693 1678 1728 per
1706 1685 1796 1727 ipsos
1826 1680 1946 1715 fratres
1976 1680 2017 1714 de

171 1748 393 1793 Vngersperg
421 1747 602 1793 persolutoe
633 1758 670 1779 ac
701 1745 740 1779 ail
770 1743 980 1778 dimittendos
1008 1743 1130 1777 liberos
1166 1755 1204 1777 ac
1242 1744 1369 1778 solutos
1398 1755 1458 1790 per
1486 1743 1606 1778 dietum
1636 1743 1785 1777 Vlricum
1815 1745 2016 1788 piscatorem

171 1808 244 1841 alieti
274 1807 469 1842 Monaslerii
508 1812 539 1841 et
577 1809 679 1853 ipsius
709 1806 924 1839 fideiussores
966 1816 983 1838 a
1026 1806 1188 1838 caucione
1231 1803 1449 1846 fideiussoria,
1497 1815 1559 1850 qua
1597 1807 1689 1851 ipsos
1737 1803 1843 1837 dictus
1881 1801 2014 1836 Vll-icus

170 1873 382 1902 astrinxerat.
414 1880 474 1901 nec
510 1879 574 1901 non
605 1868 643 1900 ad
681 1866 917 1900 restituendum
955 1865 1035 1898 duas
1071 1875 1202 1899 marcas
1244 1876 1440 1910 grossorum
1482 1868 1695 1912 pragensium
1742 1875 1802 1910 per
1847 1863 2014 1897 dominum

171 1930 372 1975 Stephanum
403 1929 583 1974 predictum
615 1940 631 1961 a
662 1926 801 1973 quodam
832 1926 969 1959 Simone
997 1928 1163 1972 piscatore
1193 1925 1270 1959 dicti
1299 1925 1492 1960 Monasterii
1523 1930 1660 1960 exactas
1681 1930 1712 1959 et
1732 1928 1894 1966 extortas,
1916 1933 2016 1957 coni-

171 1992 339 2037 pellcndos
369 1990 440 2024 fore
470 1990 610 2023 finaliter
639 1988 847 2022 declaramus
884 1990 914 2020 in
944 1986 1005 2020 hiis
1034 1988 1167 2031 scriptis
1197 1985 1332 2020 eosdem
1362 1985 1482 2020 fratres
1512 1986 1552 2020 de
1582 1986 1804 2032 Vngersperg
1832 1988 1864 2017 et
1892 1983 2014 2017 dietum

172 2057 419 2098 procuratorem
456 2054 602 2097 ipsorum
641 2052 773 2083 nomine
809 2047 945 2094 prefatis
974 2045 1094 2081 Abbati
1124 2050 1156 2079 et
1186 2047 1369 2081 Conuentui
1398 2052 1429 2081 et
1457 2050 1603 2093 ipsorum
1632 2047 1839 2093 procuratori
1867 2044 2016 2090 predicto

170 2118 317 2160 ipsorum
348 2115 482 2146 nomine
511 2115 542 2145 in
572 2113 731 2157 expensis
761 2110 825 2143 litis
862 2111 1007 2154 ipsarum
1044 2110 1222 2141 taxacione
1251 2107 1347 2142 nobis
1378 2111 1582 2155 inposterum
1612 2110 1797 2149 reseruata,
1827 2104 2015 2150 condemp-

173 2179 289 2209 nantes
319 2177 350 2207 in
381 2174 453 2207 aliis
484 2183 614 2217 quoque
643 2174 754 2217 petitis
783 2175 814 2204 et
842 2180 907 2203 non
936 2167 1084 2215 probatis
1113 2171 1202 2214 ipsos
1232 2167 1272 2202 ab
1300 2170 1511 2214 impetieione
1541 2167 1701 2201 dictorum
1729 2165 1850 2199 domini
1871 2163 2015 2199 Abbatis

172 2240 203 2269 et
232 2235 423 2269 Conuentus
454 2238 482 2267 et
520 2244 634 2267 eorum
672 2233 896 2278 procuratoris
933 2232 1079 2276 ipsorum
1116 2231 1248 2262 nomine
1285 2228 1439 2262 duximus
1475 2226 1710 2262 absoluendos.
1766 2225 1845 2260 Lata
1875 2229 1925 2259 est
1953 2224 2016 2258 heo

174 2307 298 2330 summa
330 2298 360 2328 in
391 2295 535 2328 ecclesia
573 2297 688 2326 sancte
724 2291 827 2325 Marie
856 2290 1006 2335 Virginis
1048 2293 1079 2323 in
1111 2289 1270 2323 Olomucz
1299 2288 1509 2335 presentibus
1552 2288 1706 2321 discretis
1750 2289 1830 2320 viris
1872 2285 2014 2320 dominis

179 2357 341 2402 Magistro
372 2355 528 2389 Czakano
558 2357 588 2387 in
621 2353 815 2395 Gewiczka,
844 2351 1002 2385 Budislao
1031 2353 1159 2385 vicario
1190 2349 1423 2384 Olomucensis
1452 2349 1683 2391 ecclesiarum,
1714 2347 1814 2381 Petro
1843 2346 2016 2381 Raukonis

175 2423 205 2451 et
245 2418 398 2451 liuzcone
436 2417 574 2449 notariis
609 2413 749 2459 publicis
787 2412 1019 2446 Olomucensis
1055 2411 1209 2445 diocesis.
1266 2411 1366 2444 Anno
1401 2409 1521 2443 domini
1557 2408 1734 2442 Millesimo
1763 2407 2015 2442 Trecentesimo

174 2479 460 2523 Quinquagesimo
491 2479 607 2521 quarto
637 2474 688 2507 die
717 2473 831 2507 XXIX
862 2475 986 2507 mensis
1016 2471 1144 2506 Marcii.

379 2544 472 2585 (Orig.
493 2545 617 2579 Perghi
635 2545 789 2570 verletztes
814 2544 872 2577 Sig.
898 2543 935 2568 im
961 2543 1085 2568 Archive
1111 2543 1160 2568 des
1184 2542 1231 2570 Kl.
1256 2541 1400 2567 Velehrad
1424 2540 1483 2567 Lit.
1502 2539 1536 2575 G,
1562 2540 1612 2567 ΧΓ.
1631 2540 1666 2566 24
1695 2539 1730 2564 im
1755 2537 2016 2570 Laudesarchive.)
