2206 2735
1093 234 1199 271 210.

222 326 265 360 Κ.
296 325 387 360 Kar!
414 324 599 369 beslcitiqet
627 323 701 358 dem
729 323 872 357 Klosler
902 322 998 357 Saar
1032 322 1101 356 alle
1133 321 1296 365 freilzeren
1330 321 1551 366 Pn‘vz‘leye‘en.
1590 321 1649 355 Dt.
1683 321 1792 355 Grecz
1826 331 1929 365 super
1957 318 2069 353 Albea

984 381 1044 416 26.
1075 382 1159 416 Juni
1193 381 1302 417 1353.

369 461 541 515 Karolns
570 479 622 513 dei
651 482 766 524 gracia
794 478 1025 512 Romanorum
1053 477 1129 512 Rex
1156 488 1290 524 semper
1317 478 1493 523 Augustus
1522 481 1555 512 et
1581 477 1720 511 Boemie
1748 476 1824 510 Rex
1852 502 1862 518 ,
1891 476 2071 521 Religiosis

223 541 345 576 Abbati
374 546 406 574 et
435 539 620 574 Conuentui
650 540 845 574 Monasterii
872 541 905 572 in
935 537 1009 581 Sar,
1050 538 1175 573 ordinis
1205 537 1460 585 Cysterciensis,
1498 541 1674 585 pragensis
1708 537 1907 584 dyoceseos,
1944 536 2072 571 deuotis

223 604 345 636 nostris
375 601 502 635 dilectis
533 600 689 634 Graciam
718 600 858 644 Regiam
888 602 921 632 et
950 610 1048 633 omne
1076 598 1209 636 bonum.
1244 599 1470 634 Consideratis
1499 598 1732 645 multiplicibus
1760 600 1916 632 virtutum
1945 596 2072 640 studiis,

223 662 338 707 quibus
376 661 415 696 ad
454 662 586 695 laudem
624 661 676 695 dei
712 665 744 694 et
779 660 926 705 gloriose
962 662 1104 704 virginis
1140 662 1252 695 matris
1291 663 1363 695 eius
1400 660 1579 695 insudastis
1616 660 1776 694 hactenus
1814 663 1847 693 et
1875 660 2073 692 continuatis

222 722 417 768 frequenter
446 721 618 756 affectibus
647 721 803 763 militatis,
833 725 867 753 vt
896 731 936 754 eo
964 720 1100 755 liberius
1129 720 1240 755 diuino
1269 722 1369 755 cultui
1397 721 1539 755 valeatis
1567 720 1752 761 intendere,
1783 730 1846 766 quo
1871 729 1908 754 se
1929 718 2073 752 vberiori

222 783 435 828 benignitatis
483 793 621 816 munere
658 786 774 816 vestra
812 784 958 816 senserit
1000 781 1263 815 commendanda
1299 782 1438 816 deuocio
1465 781 1575 826 Regie
1608 783 1810 827 prouisionis
1844 782 1958 824 gracia
1990 788 2073 825 pro-

223 848 385 886 secutam,
422 846 532 877 animo
570 842 754 876 deliberato
791 847 825 876 et
859 853 943 877 sano
971 846 1159 876 nostrorum
1188 853 1364 888 procerum
1393 843 1578 876 accedente
1606 842 1759 885 consilio,
1793 839 1901 883 vobiS,
1931 850 2075 874 succes-

224 904 356 938 soribus
386 906 510 938 vestris
540 907 572 937 et
599 905 804 936 monasterio
833 905 865 936 in
896 902 959 936 Sar
986 905 1228 949 imperpetuum
1258 905 1366 937 omnia
1395 903 1582 949 priuilegia,
1610 903 1750 945 litteras,
1776 903 1863 946 jura,
1893 899 2074 942 libertates,

222 967 366 1009 gracias,
397 964 616 1009 donaciones,
645 966 897 1006 concessiones,
928 963 1188 997 consuetudines
1218 968 1249 997 et
1269 967 1478 1007 emunitates,
1509 963 1626 1009 quibus
1646 963 1821 996 deuocioni
1841 965 1956 995 vestre
1975 970 2075 1006 super

223 1025 472 1071 quibuscunque
498 1023 599 1059 rebus
621 1023 844 1069 spiritualibus
865 1027 898 1057 et
916 1023 1164 1070 temporalibus,
1195 1024 1368 1059 mobilibus
1388 1025 1441 1058 uel
1461 1023 1681 1066 inmobilibus,
1710 1022 1898 1067 Vbicunque
1925 1021 2072 1056 locorum

223 1090 279 1119 aut
306 1085 558 1131 quibuscunque
595 1084 801 1131 appellentur
829 1084 1029 1127 nominibus,
1068 1085 1158 1118 clare
1192 1088 1350 1119 memorie
1379 1081 1554 1120 illustrium
1583 1085 1747 1131 quondam
1776 1082 1913 1116 Boemie
1941 1092 2073 1127 regum,

223 1147 341 1180 ducum
373 1156 432 1179 seu
462 1147 648 1191 principum
677 1147 926 1191 progenitorum
957 1156 1016 1179 5611
1045 1145 1325 1190 predecessorum
1354 1150 1542 1179 nostrorum
1572 1147 1624 1191 pia
1655 1145 1808 1188 dignacio
1837 1146 1899 1176 rite
1919 1141 2072 1189 prouidit,

224 1211 279 1241 aut
307 1218 370 1252 que
400 1217 458 1240 seu
489 1216 571 1250 quas
601 1217 619 1239 a
649 1205 900 1250 quibuscunque
929 1209 1082 1252 personis
1113 1206 1354 1240 ecclesiasticis
1383 1206 1435 1240 1161
1465 1205 1682 1247 secularibuS,
1714 1207 1806 1238 cuius
1826 1205 1933 1237 eciam
1954 1206 2072 1246 status,

223 1268 369 1310 honoris,
401 1267 569 1311 dignitatis
600 1277 659 1301 seu
689 1266 895 1300 condicionis
925 1269 1083 1309 existant,
1113 1266 1298 1301 obtinuisse
1326 1269 1512 1309 noscimini,
1551 1269 1583 1300 in
1612 1265 1764 1300 omnibus
1794 1267 1861 1299 suis
1890 1262 2073 1307 tenoribuS‚

222 1330 414 1366 sentenciis,
445 1329 573 1374 punctis
603 1331 635 1360 et
663 1326 831 1369 clausulis,
862 1330 947 1360 sicut
975 1337 1039 1360 vsu
1068 1330 1236 1361 vtencium
1266 1327 1343 1361 talia
1372 1326 1554 1373 approbata
1582 1330 1776 1367 noscuntur,
1813 1325 1854 1358 de
1891 1323 1997 1359 verbo
2031 1323 2073 1357 ad

222 1388 373 1431 verbum,
410 1398 450 1421 ac
488 1390 517 1421 51
554 1392 689 1422 tenores
726 1390 870 1421 omnium
906 1387 1118 1434 presentibus
1147 1391 1260 1422 inserti
1291 1390 1527 1431 consisterent,
1567 1389 1672 1421 eciam
1702 1389 1730 1421 si
1760 1386 1800 1419 de
1829 1385 1891 1419 hiis
1917 1386 1993 1430 Jure
2019 1384 2074 1419 uel

221 1448 465 1483 consuetudine
498 1447 638 1481 debetur
671 1450 703 1481 in
739 1448 949 1493 presentibus
986 1448 1057 1482 fieri
1096 1452 1226 1483 mencio
1255 1449 1422 1495 specialis,
1460 1451 1543 1483 sicut
1571 1450 1634 1481 rite
1664 1450 1696 1481 et
1723 1446 1860 1492 prouide
1888 1455 2073 1492 processe-

221 1513 309 1553 runt,
339 1509 574 1555 approbamus,
604 1508 805 1542 ratificamus
835 1513 866 1542 et
896 1509 936 1542 de
965 1512 1060 1553 regie
1090 1509 1301 1553 benignitatis
1330 1510 1442 1553 gracia
1472 1508 1718 1542 confirmamus.
1765 1506 1957 1540 Inhibentes
1987 1516 2072 1552 spe-

223 1570 348 1604 cialiter
377 1574 409 1603 et
438 1580 601 1615 expresse
630 1572 797 1602 vniiiersis
828 1581 866 1602 ac
895 1570 1033 1614 singulis
1054 1569 1271 1615 Principibus,
1302 1569 1499 1612 Baronibus,
1529 1568 1714 1611 Nobilibus,
1744 1567 1937 1612 Burgrauiis
1958 1570 1990 1600 et
2009 1577 2072 1600 ce—

225 1633 304 1664 teris
339 1629 539 1673 hominibus,
574 1629 696 1663 Incolis
732 1634 763 1663 et
801 1629 1078 1664 Inliabitatoribns
1115 1630 1226 1675 Regni
1263 1632 1365 1664 nostri
1400 1629 1552 1671 Boemie,
1595 1631 1823 1674 cuiuscunque
1865 1626 2072 1661 condicionis

223 1692 382 1735 existant,
421 1701 462 1723 ne
499 1693 531 1723 in
561 1690 709 1736 predicto
739 1694 942 1724 monasterio
972 1696 1099 1735 vestro,
1138 1691 1246 1733 bonis,
1275 1690 1408 1736 prediis,
1438 1690 1525 1724 villis
1555 1694 1587 1723 et
1616 1687 1888 1735 possessionibus
1917 1688 1959 1722 ad
1986 1688 2072 1722 idem

223 1750 478 1797 pertinentibus,
518 1750 770 1796 hospitalitates,
806 1753 988 1794 staciones,
1026 1763 1085 1785 seu
1119 1754 1253 1797 quosuis
1293 1751 1432 1785 insultus
1470 1754 1654 1784 exerceant
1691 1760 1751 1784 seu
1779 1760 1853 1793 VOS,
1890 1748 2070 1793 Abbatem‚

225 1799 445 1854 Gonuelitum,
482 1809 733 1855 Monasterium,
771 1810 932 1846 Homines
968 1816 999 1845 et
1038 1811 1186 1846 subditos
1224 1816 1357 1846 vestros
1386 1810 1547 1857 aliquibus
1576 1809 1821 1856 impedimentis
1856 1820 1917 1844 seu
1944 1820 2072 1854 graua-

222 1869 365 1905 minibus
394 1873 585 1916 inquietent.
616 1871 772 1917 Alioquin
800 1870 974 1907 Nobilibus
1002 1871 1149 1906 Henrico
1177 1871 1218 1906 de
1247 1870 1493 1916 Luchtemburg
1529 1882 1601 1905 cum
1638 1873 1707 1905 suis
1741 1869 1828 1914 filiis,
1862 1869 2001 1903 Zmiloni
2030 1869 2072 1904 de

222 1930 371 1978 Ronow,
406 1930 553 1965 Henrico
588 1931 629 1965 de
667 1931 803 1975 Ossaw,
837 1931 931 1966 fratri
969 1935 1072 1979 ipsius
1108 1944 1146 1966 ac
1181 1931 1360 1967 heredibus
1396 1943 1456 1966 seu
1490 1931 1564 1965 filiis
1601 1930 1794 1974 eorundem,
1837 1929 2001 1964 Hinchoni
2030 1930 2071 1964 de

222 1991 480 2036 Luchtemburg,
526 1992 612 2026 dicto
650 1991 865 2036 Chruschina,
902 1992 1061 2027 Heinrico
1091 1993 1131 2027 de
1159 1991 1316 2037 Vetouia,
1353 1992 1517 2027 Benessio
1554 1991 1595 2025 de
1621 1989 1809 2025 Meserzicz
1839 1995 1871 2024 et
1899 1990 2071 2025 Boczkoni

223 2063 295 2086 cum
332 2051 491 2086 fratribus
531 2056 564 2086 et
597 2052 774 2088 heredibus
810 2064 936 2098 eorum,
972 2053 1069 2088 dictis
1098 2053 1138 2088 de
1167 2053 1339 2097 Chunstat,
1378 2063 1418 2086 ac
1444 2053 1634 2086 nominatim
1663 2051 1859 2096 Burgrauiis
1886 2050 2070 2085 [1161116111-

222 2111 460 2157 burgensibus,
496 2115 549 2159 qui
586 2123 646 2159 pro
682 2116 830 2159 tempore
863 2113 996 2158 fuerint,
1029 2117 1090 2148 rite
1126 2116 1350 2148 commisimus
1386 2117 1419 2147 et
1455 2123 1618 2160 expresse
1656 2112 1804 2147 dedimus
1832 2115 1864 2146 111
1894 2112 2068 2155 mandatis,

223 2177 386 2218 quatenus
406 2184 482 2217 vos,
511 2172 693 2217 Abbatem‚
723 2172 942 2218 conuentum,
973 2185 1190 2210 successores
1212 2179 1244 2208 et
1260 2173 1509 2215 Monasterium,
1539 2173 1703 2216 homines,
1732 2172 1895 2216 subditos,
1925 2183 2068 2219 posses-

223 2234 334 2267 siones
372 2236 404 2266 et
439 2232 554 2279 predia
582 2232 622 2267 ab
655 2232 807 2268 omnibus
836 2233 954 2268 talibus
983 2237 1121 2278 iniuriis,
1159 2234 1446 2282 oppressionibus,
1483 2235 1657 2269 violenciis
1686 2233 1850 2268 aduersus
1878 2232 2067 2279 quemlibet,

223 2296 278 2339 qui
315 2295 434 2338 quauis
469 2296 650 2328 occasione
686 2295 783 2327 reniti
819 2298 1071 2341 presumpserit,
1110 2299 1305 2330 anctoritate
1339 2298 1433 2340 regia
1462 2299 1627 2338 tueantur,
1663 2295 1886 2328 decernentes
1914 2298 1945 2327 et
1972 2295 2067 2338 regio

224 2357 407 2388 statuentes
435 2354 556 2397 edicto,
595 2353 680 2400 quod
709 2353 829 2400 prefati
857 2354 1006 2399 Nobiles,
1036 2356 1198 2399 Barones,
1228 2356 1416 2401 Burgrauii‚
1445 2356 1579 2399 fratres,
1615 2355 1758 2390 heredes
1787 2360 1820 2389 et
1847 2364 2067 2389 successores

223 2424 349 2458 eorum,
379 2418 490 2458 amici,
521 2419 704 2449 sei-nitores
735 2420 767 2450 et.
796 2416 953 2459 fautores,
991 2420 1043 2463 qui
1081 2418 1119 2450 ad
1149 2417 1335 2451 huiusmodi
1364 2417 1591 2450 defensionem
1620 2422 1768 2450 vestram
1798 2416 1953 2449 auxilium
1982 2426 2066 2461 pre-

223 2477 365 2509 stiterint
402 2486 460 2509 sen
499 2475 648 2509 fauorem
681 2477 720 2509 ad
760 2477 1003 2511 vrzednicones
1039 2489 1097 2511 seu
1127 2481 1243 2524 queuis
1272 2478 1333 2511 alia
1363 2482 1450 2511 terre
1479 2475 1608 2512 judicia
1643 2480 1738 2510 citari
1767 2488 1826 2511 seu
1855 2478 1971 2509 vocari
2000 2486 2066 2509 11011

224 2534 376 2579 debeant,
417 2539 608 2570 sentencias
637 2539 753 2580 eciam,
784 2540 811 2570 si
839 2548 902 2582 que
931 2538 1074 2584 desuper
1101 2539 1168 2572 late
1195 2538 1328 2581 fuerint,
1357 2537 1484 2572 viribus
1513 2541 1707 2571 vacuantes.
1763 2536 1848 2570 Nulli
1883 2547 1965 2580 ergo
2000 2535 2066 2569 ho-
