2206 2735
1102 76 1150 111 73

1082 232 1185 267 107.

198 327 307 372 Papst
339 327 493 360 Clemens
530 325 585 359 VI.
621 325 787 358 reserem
822 325 888 368 auf
915 322 1074 356 Ficrbz'tte
1108 323 1241 356 Kaiser
1276 321 1367 355 Kar-l
1400 320 1463 356 IV.
1497 322 1556 365 [ἄν
1591 321 1654 355 den
1693 320 1866 354 Olmiltz-er
1903 320 2062 354 Priester

198 388 352 422 Brioezfus
380 398 444 420 von
474 385 695 420 Roacloeowan
724 386 800 417 eine
828 385 889 418 der
924 383 1127 427 Verleilmny
1147 383 1206 416 des
1228 382 1365 427 Praqer
1386 378 1648 416 Erzbistlzumes
1668 381 1876 416 zustekende
1897 381 2060 426 Pfrnnde.

774 446 903 479 Datum
930 444 1088 488 Aviynon
1120 442 1179 477 19.
1210 443 1346 488 August
1376 442 1487 477 1351.

356 536 535 589 Clemens
563 554 751 601 Episcopus
781 553 910 587 Servus
939 551 1124 586 Servorum
1152 551 1216 586 Dei
1246 552 1376 587 Dilecto
1408 552 1474 586 tilio
1495 551 1619 585 Brictio
1649 550 1689 584 de
1709 549 1908 585 Ruchwano
1937 550 2061 585 clerico

200 616 397 651 Olomucen.
430 616 579 650 Salutem
609 620 641 649 et
672 614 898 661 Apostolicam
929 613 1216 647 Benedictionem.

355 675 545 710 Laudabilia
576 680 688 709 merita
719 674 891 721 probitatis
921 685 1023 720 super
1052 673 1169 720 quibus
1199 673 1284 720 apud
1316 685 1378 707 nos
1410 673 1579 718 fidedigno
1608 674 1796 707 testimonio
1817 671 2062 706 commendaris

199 748 260 771 nos
288 737 449 771 inducunt
476 742 509 770 ut
539 737 592 770 tibi
622 735 798 770 reddamur
826 735 864 768 ad
895 738 1037 779 gratiam
1076 734 1242 769 liberales.
1274 733 1437 768 Volentes
1466 736 1578 780 itaque
1606 732 1661 767 tibi
1690 735 1927 779 premissorum
1956 736 2063 766 meri—

198 802 303 831 torum
334 802 462 831 tuorum
493 801 605 831 intuitu
634 808 696 830 nec
724 807 791 829 non
819 795 1088 829 consideratione
1118 794 1289 829 Carissimi
1327 797 1359 828 in
1397 794 1527 828 Christo
1564 793 1620 827 filii
1657 796 1760 827 nostri
1789 792 1903 827 Karoli
1931 792 2062 827 Roma—

199 869 316 893 norum
347 863 379 892 et
409 858 545 891 Boemie
574 856 678 900 Regis
708 856 846 890 Illustris
876 867 934 901 pro
965 860 995 888 te
1024 855 1144 889 dilecto
1181 866 1242 889 suo
1280 855 1375 889 nobis
1411 866 1513 901 super
1547 853 1611 888 hoc
1639 854 1805 888 humiliter
1832 853 2061 899 supplicantis,

199 923 343 963 gratiam
380 918 495 951 facere
530 918 707 962 specialem
738 916 934 949 beneficium
965 916 1233 950 ecclesiasticum
1264 927 1339 950 cum
1368 927 1449 950 cura
1483 916 1538 950 vel
1575 918 1648 950 sine
1685 926 1766 949 cura
1804 916 1899 948 cuius
1935 913 2062 949 fructus

201 980 352 1014 redditus
382 983 414 1012 et
442 982 628 1024 proventus
658 981 686 1011 si
715 989 789 1011 cum
819 988 898 1010 cura
928 979 1197 1022 vigintiquinque
1234 980 1262 1011 si
1292 987 1376 1011 vero
1407 980 1482 1011 sine
1511 987 1590 1011 cura
1628 975 1728 1009 fuerit
1763 976 1880 1009 decem
1919 979 1953 1009 et
1987 979 2062 1009 octo

200 1040 412 1074 Marcharum
443 1043 572 1084 argenti
601 1039 782 1073 secundnm
813 1041 1016 1072 taxationem
1055 1037 1184 1070 decime
1221 1038 1374 1073 valorem
1411 1049 1555 1072 annuum
1594 1047 1661 1071 non
1697 1036 1864 1070 excedant
1902 1040 2063 1082 spectans

202 1103 423 1135 communiter
451 1101 504 1134 vel
536 1100 667 1134 divisim
698 1100 737 1132 ad
767 1099 979 1132 collationem
1011 1100 1240 1144 provisionem
1269 1101 1557 1144 presentationem
1587 1108 1648 1132 seu
1678 1099 1831 1143 quamvis
1862 1096 1958 1130 aliam
1987 1096 2064 1130 dis-

201 1164 401 1208 positionem
431 1161 633 1195 venerabilis
662 1160 774 1194 fratris
804 1162 934 1193 nostri.
959 1186 964 1192 .
987 1158 1247 1204 Areliiepiscopi
1276 1159 1421 1204 Pragen.
1454 1163 1487 1192 et
1522 1158 1717 1192 dilectorum
1755 1158 1924 1192 filiorum.
1948 1184 1955 1191 .
1978 1157 2067 1191 Pre-

202 1225 329 1269 positi.
353 1249 359 1255 .
382 1222 510 1255 Decani
540 1226 572 1255 et
602 1222 740 1267 Capituli
770 1221 916 1253 ecclesie
944 1219 1102 1264 Pi·agen.‚
1132 1223 1160 1253 si
1188 1220 1274 1264 quod
1307 1225 1406 1254 vacat
1436 1219 1476 1253 ad
1514 1230 1657 1266 presens
1693 1219 1749 1253 vel
1787 1229 1862 1252 cum
1889 1221 2068 1253 vacaverit

203 1283 292 1328 quod
317 1287 349 1316 tu
379 1294 439 1328 per
458 1286 491 1315 te
521 1280 574 1315 vel
604 1286 852 1328 procuratorem
873 1285 961 1314 tuum
982 1280 1022 1313 ad
1052 1279 1114 1313 hoc
1144 1281 1293 1325 legitime
1315 1283 1531 1315 constitutum
1556 1279 1642 1314 infra
1662 1283 1759 1314 unius
1780 1281 1904 1314 mensis
1925 1282 2066 1325 spatium

203 1348 378 1389 postquam
410 1342 465 1376 tibi
495 1344 549 1377 vel
579 1343 684 1376 eidem
715 1344 923 1388 procuratori
953 1341 993 1375 de
1023 1344 1127 1386 ipsius
1155 1340 1311 1375 beneficii
1341 1344 1524 1375 vacatione
1552 1343 1741 1375 constiterit
1770 1340 1907 1374 duxeris
1937 1350 2068 1385 accep-

202 1404 348 1445 tandum,
389 1403 629 1437 conferendum
660 1403 715 1436 tibi
745 1408 819 1448 post
847 1405 1112 1448 acceptationem
1141 1402 1327 1436 huiusmodi
1357 1413 1432 1437 cum
1462 1401 1615 1437 omnibus
1644 1401 1770 1436 iuribus
1800 1405 1832 1434 et
1860 1402 2068 1447 pertinentiis

204 1468 273 1500 suis
303 1467 472 1498 donationi
502 1465 684 1510 apostolice
713 1474 942 1497 reservamus.
974 1462 1162 1496 Districtius
1200 1462 1388 1498 inhibentes
1419 1463 1547 1497 eisdem
1572 1490 1577 1498 .
1600 1491 1607 1498 .
1629 1462 1900 1508 Archiepiscopo
1923 1489 1930 1495 .
1953 1487 1960 1495 .
1981 1460 2067 1494 Pre-

202 1529 340 1572 posito.
364 1524 533 1559 .Decano
563 1529 594 1558 et
623 1524 772 1570 Capitulo
801 1535 843 1557 ne
882 1523 921 1557 de
958 1522 1122 1556 beneficio
1161 1522 1348 1558 huiusmodi
1384 1526 1516 1557 interim
1552 1526 1650 1557 etiam
1688 1527 1764 1557 ante
1803 1524 2069 1568 acceptationem

204 1586 387 1633 predictam
417 1588 481 1619 nisi
511 1590 683 1631 postquam
714 1588 761 1618 eis
791 1586 988 1627 constiterit,
1019 1584 1105 1628 quod
1135 1588 1166 1618 tu
1196 1585 1252 1619 vel
1281 1589 1480 1631 procurator
1508 1584 1678 1630 predictus
1708 1583 1784 1617 illud
1814 1583 1986 1618 nolueritis
2006 1593 2070 1616 ac—

206 1651 353 1692 captare„
384 1646 564 1692 disponere
594 1645 758 1690 quomodo
787 1649 990 1691 presumant.
1040 1645 1091 1678 Ac
1121 1644 1343 1679 decernentes
1374 1656 1419 1678 ex
1447 1655 1535 1678 nunc
1562 1647 1687 1679 irritum
1725 1648 1758 1678 et
1785 1646 1885 1678 inane
1913 1646 1941 1677 si
1969 1653 2068 1678 secus

207 1718 310 1752 super
337 1706 400 1740 hiis
429 1719 446 1740 a
477 1717 639 1752 quoquam
670 1708 787 1751 quavis
817 1708 1014 1738 anctoritate
1043 1708 1188 1739 scienter
1215 1706 1270 1740 vel
1306 1709 1503 1751 ignoranter
1539 1705 1720 1750 contigerit
1756 1707 1955 1751 attemptari.
1994 1702 2069 1737 Non

206 1766 412 1801 obstantibus
450 1769 477 1801 si
516 1768 614 1812 aliqui
651 1778 752 1811 super
788 1765 1038 1811 provisionibus
1074 1765 1136 1799 sibi
1173 1766 1338 1801 faciendis
1375 1767 1416 1800 de
1460 1766 1647 1801 huiusmodi
1688 1766 1746 1801 vel
1782 1766 1853 1800 aliis
1896 1763 2069 1799 beneficiis

207 1828 450 1862 ecclesiasticis
487 1831 517 1861 in
556 1828 618 1861 illis
656 1827 803 1873 partibus
841 1826 1007 1872 speciales
1035 1826 1090 1860 vel
1118 1828 1297 1871 generales
1336 1827 1519 1874 apostolice
1556 1827 1646 1862 sedis
1682 1826 1740 1860 vel
1775 1826 1959 1871 legatorum
1997 1827 2070 1859 eius

206 1889 334 1922 litteras
365 1891 582 1933 impetrarint,
612 1891 739 1922 etiamsi
778 1899 837 1933 per
875 1898 932 1920 eas
972 1886 1011 1919 ad
1049 1886 1275 1922 inhibitionem
1313 1891 1582 1923 reservationem
1617 1891 1650 1921 et
1687 1886 1858 1921 decretum
1898 1886 1953 1920 vel
1987 1885 2070 1919 alias

208 1948 454 1994 quomodolibet
482 1952 522 1981 sit
551 1960 757 1994 processum,
787 1948 904 1994 quibus
935 1946 1086 1981 omnibus
1106 1953 1320 1994 preterquam
1341 1951 1540 1983 auctoritate
1559 1952 1674 1982 nostra
1699 1947 1888 1982 huiusmodi
1907 1945 2071 1980 beneficia

208 2009 465 2055 expectantibus
495 2014 526 2042 te
556 2012 587 2042 in
617 2012 830 2043 assecutione
860 2009 936 2041 dicti
966 2007 1119 2042 beneficii
1148 2010 1303 2043 volumus
1335 2008 1507 2052 anteferri,
1538 2013 1590 2043 set
1617 2008 1741 2042 nullum
1769 2019 1830 2054 per
1854 2007 1917 2041 hoc
1936 2009 1985 2041 eis
2006 2017 2071 2051 quo

209 2069 248 2103 ad
279 2073 526 2104 assecutionem
558 2070 692 2103 aliorum
722 2069 959 2103 beneficiorum
990 2067 1208 2115 prejudicium
1237 2073 1406 2115 generari.
1439 2070 1507 2103 Seu
1537 2071 1565 2104 si
1594 2069 1720 2104 eisdem
1743 2096 1750 2103 .
1773 2097 1780 2103 .
1802 2067 2072 2114 Archiepiscopo

210 2156 217 2164 .
241 2157 248 2164 .
270 2129 447 2175 Preposito
469 2157 476 2165 .
501 2158 506 2163 .
531 2130 667 2163 Decano
697 2134 729 2162 et
758 2130 906 2176 Capitulo
942 2129 998 2164 vel
1036 2130 1209 2174 quibusvis
1249 2131 1322 2165 aliis
1358 2132 1579 2164 communiter
1612 2129 1666 2165 vel
1702 2129 1834 2163 divisim
1871 2139 1888 2162 a
1922 2127 2073 2174 predicta

209 2193 251 2225 sit
280 2190 363 2224 sede
391 2191 550 2224 indultum
580 2191 663 2236 quod
694 2190 732 2223 ad
762 2194 990 2236 receptionem
1020 2191 1075 2226 vel
1105 2194 1331 2236 provisionem
1361 2192 1500 2225 alicuius
1529 2193 1663 2224 minime
1698 2194 1877 2224 teneantur
1909 2193 1942 2222 et
1970 2188 2011 2222 ad
2039 2187 2071 2221 id

209 2250 364 2296 compelli
393 2262 459 2284 non
490 2254 629 2296 possint,
659 2251 811 2296 quodque
840 2251 880 2284 de
909 2251 1097 2286 huiusmodi
1126 2252 1181 2286 vel
1210 2252 1284 2287 aliis
1314 2251 1486 2286 beneficiis
1516 2252 1758 2286 ecclesiasticis
1778 2250 1820 2284 ad
1849 2260 1965 2284 eorum
1993 2248 2072 2282 col-

209 2311 367 2345 lationem
396 2314 623 2357 provisionem
646 2315 926 2357 presentationem
948 2323 1007 2346 seu
1029 2315 1181 2358 quamvis
1203 2313 1300 2346 aliam
1321 2312 1572 2358 dispositionem
1593 2314 1797 2346 coniunctim
1817 2310 1872 2344 vel
1893 2311 2073 2356 separatim

210 2372 440 2416 spectantibus
471 2372 547 2405 nulli
577 2373 685 2405 valeat
716 2372 884 2417 provideri
913 2383 974 2418 per
1002 2374 1127 2407 litteras
1156 2373 1355 2418 apostolicas
1384 2383 1451 2406 non
1480 2372 1644 2407 facientes
1664 2372 1796 2418 plenam
1819 2375 1852 2405 et
1871 2380 2073 2416 expressam

209 2442 250 2464 ac
279 2432 320 2465 de
348 2431 454 2466 verbo
484 2432 523 2465 ad
553 2432 691 2466 verbum
721 2433 761 2466 de
790 2433 915 2466 indulto
946 2432 1131 2467 huiusmodi
1160 2436 1377 2467 mentionem.
1407 2433 1449 2467 Et
1477 2432 1621 2480 qualibet
1649 2433 1711 2466 alia
1742 2432 1828 2466 dicte
1849 2430 1939 2465 sedis
1959 2429 2074 2464 indul-

210 2495 324 2536 gentia
354 2493 504 2536 generali
534 2493 588 2526 vel
618 2494 752 2538 speciali
783 2497 1023 2538 cuiuscumque
1053 2497 1176 2528 tenoris
1206 2497 1329 2527 existat
1357 2504 1418 2539 per
1437 2504 1534 2538 quam
1554 2492 1766 2539 presentibus
1786 2502 1852 2526 non
1873 2501 2074 2537 expressam

207 2553 264 2587 vel
295 2553 438 2586 totaliter
467 2564 532 2587 non
562 2556 720 2587 insertam
751 2554 888 2588 effectus
920 2554 1106 2589 huiusmodi
1136 2557 1242 2599 gratie
1272 2554 1424 2600 impediri
1453 2554 1566 2589 valeat
1594 2552 1839 2600 quomodolibet
1866 2552 1923 2586 vel
1951 2551 2074 2585 differri

1866 2613 1905 2639 10
