2206 2735
1109 87 1155 120 45

1100 225 1170 260 ἶθ.

209 302 397 348 Marltyraf
418 303 554 337 doleam}
584 313 648 336 vove
687 302 830 336 Maltren
867 302 960 335 stelit
998 303 1069 335 dem
1108 302 1223 336 Bus'els
1260 315 1323 337 ron
1369 304 1567 339 Willzartitz-
1605 306 1672 338 um!
1708 309 1831 337 semem
1872 304 2061 348 Schts-ssyer

345 363 483 398 Wenzel
510 374 572 396 1·οη
603 362 820 407 Mys-libori&
849 363 910 396 {Ius
940 362 1035 406 Dors
1057 363 1197 396 [slm'mr
1227 363 1362 397 z-vtre'lclt.
1394 364 1450 397 Dt.
1483 364 1577 408 Praq
1607 364 1665 397 20.
1697 364 1795 398 Mcirz-
1827 364 1934 397 1351.

361 439 555 493 «lohannes
585 458 636 492 dei
665 462 778 503 gracia
807 457 956 492 Marcbio
986 457 1136 492 Mol-ame
1166 458 1286 493 Notum
1317 459 1456 493 facimus
1491 463 1608 493 tenore
1643 462 1855 505 presencium
1893 462 2058 494 vniuersis

208 519 301 560 Quod
331 519 542 552 attendentes
579 520 678 552 multa
711 523 806 563 grata
835 521 978 552 seruicia
1014 523 1045 552 et
1079 523 1231 565 accepta,
1266 531 1330 565 que
1364 519 1460 554 nobis
1498 519 1626 554 Nobilis
1661 519 1769 554 Busco
1806 520 1847 553 de
1884 519 2059 554 Wilarticz

206 579 367 624 Magister
408 579 505 613 Curie
550 579 762 613 Serenissimi
804 578 925 612 domiui
962 584 994 612 et
1031 579 1141 612 fratris
1179 583 1281 613 nostri
1318 579 1486 614 karissimi
1523 579 1644 624 dominj
1683 580 1794 614 Karoli
1832 579 2057 614 Romanorum

207 651 340 685 semper
379 641 523 684 Augusti
562 644 593 672 et
628 639 764 673 Boemie
807 639 924 683 Regis.
958 645 989 672 et
1025 639 1272 674 Wenczeslaus
1308 640 1349 673 de
1384 639 1609 674 Miscliboricz
1643 643 1791 674 sororius
1829 651 1908 674 suus
1943 641 2057 674 fideles

205 704 310 734 nostri
339 701 447 734 dilecti
477 699 699 733 exbibuerunt
728 699 887 733 hactenus
917 704 948 732 et
976 699 1138 733 exhibere
1167 705 1321 746 poterunt
1349 700 1552 734 fructuosius
1581 704 1613 734 in
1642 700 1785 734 futurum
1806 699 1863 734 Eis
1893 705 1926 733 et
1954 700 2058 734 bere-

205 760 300 794 dibus
329 763 477 806 ipsorum
505 760 616 793 villam
645 759 764 792 dictam
795 759 955 793 Cluczow
983 771 1057 793 cum
1088 765 1220 794 aratura
1248 762 1389 807 alijsque
1419 765 1487 795 suis
1517 763 1732 807 pertinencijS
1753 772 1850 807 quani
1875 764 1955 806 ipsis
1978 773 2057 806 pre-

204 822 310 855 dictus
340 821 491 855 dominus
521 825 553 853 et
582 820 685 853 frater
713 825 827 854 noster
855 821 937 854 alias
967 821 1150 855 donauerat
1179 827 1211 855 et
1241 822 1281 855 de
1310 833 1373 868 qua
1403 833 1464 856 nos
1494 825 1780 856 inti-omiseramus
1818 826 1849 855 et
1887 821 2058 867 bucusque

204 885 238 916 in
266 887 378 916 nostra
408 885 571 915 tenuimus
602 886 768 928 potestate
798 882 1007 915 Auctoritate
1036 893 1247 927 presencium
1278 885 1479 917 restituimus
1509 887 1539 916 et
1579 883 1740 916 donamus
1777 882 1952 916 tenendam
1990 886 2059 915 vti-

205 942 377 977 fruendam
407 947 437 976 et
467 945 572 976 eciam
604 942 835 988 possidendam
873 947 1032 988 perpetuo
1067 943 1207 988 pacifice
1236 948 1268 977 et
1297 947 1408 988 quiete
1442 943 1632 977 Inliibentes
1650 970 1657 977 .
1677 971 1683 976 .
1702 944 1893 977 camerario
1912 971 1917 976 .
1938 970 1944 976 .
1964 943 2058 977 Sub-

206 1006 391 1037 camerario
421 1006 611 1049 ceterisque
639 1002 788 1036 officiatis
818 1005 940 1037 nostris
971 1015 1031 1049 pei·
1060 1003 1244 1037 Morauiam
1274 1007 1327 1050 qui
1366 1015 1454 1038 nunc
1491 1008 1566 1038 sunt
1596 1008 1650 1037 aut
1683 1008 1780 1037 erunt
1814 1015 1874 1049 per
1908 1008 2058 1049 tempora

205 1063 356 1097 lidelibus
387 1067 510 1097 nostris
540 1064 671 1097 dilectis
701 1068 815 1097 nostre
843 1066 957 1108 gracie
987 1064 1047 1097 sub
1076 1069 1211 1110 optentu
1242 1076 1283 1098 ne
1305 1064 1493 1098 Busconem
1514 1069 1547 1098 et.
1566 1064 1827 1098 Wenczeslauni
1848 1063 2059 1110 heredesque

204 1127 351 1170 ipsorum
381 1124 547 1170 predictos
577 1128 606 1158 in
639 1124 698 1157 bac
729 1128 843 1157 nostre
873 1127 1097 1158 restitucionis
1126 1130 1157 1158 et
1186 1126 1381 1159 donacionis
1418 1128 1532 1170 gracia
1568 1124 1737 1172 inpediant
1777 1136 1891 1158 verum
1928 1136 1987 1158 eos
2027 1129 2057 1158 in

206 1189 278 1230 ipsa
308 1190 544 1219 manuteneant
574 1189 748 1230 protegant
777 1184 1004 1218 fauorabiliter
1040 1190 1072 1218 et
1109 1191 1310 1219 conseruent
1348 1187 1556 1220 Contrarium
1592 1185 1756 1219 facientes
1790 1186 2057 1230 indignacionem

206 1250 351 1279 nostram
381 1257 418 1279 se
447 1248 601 1279 nouerint
629 1248 776 1290 grauiter
805 1248 1009 1279 incursuros.
1042 1245 1165 1280 Harum
1185 1251 1371 1280 nostrarum
1393 1249 1579 1280 testimonio
1600 1246 1779 1280 literarum.
1810 1246 1928 1280 Datum
1951 1246 2059 1290 Frage

206 1308 306 1339 Anno
336 1307 456 1340 domini
487 1306 661 1340 Millesiino
692 1306 944 1340 Trecentesimo
975 1306 1260 1352 Quinquagesimo
1290 1307 1397 1341 Primo
1426 1306 1506 1341 XIII
1535 1306 1705 1340 Kalendas
1735 1308 1870 1352 Aprilis.

515 1398 611 1431 (orig.
640 1398 721 1432 Perg.
747 1399 832 1431 hang.
859 1399 917 1432 sig.
942 1399 978 1424 1111
1004 1399 1092 1425 mahr.
1118 1400 1212 1424 stand.
1237 1399 1370 1426 Archivev
1396 1399 1516 1425 Miscell.
1543 1399 1591 1424 Nr,
1620 1399 1678 1435 17.)

1098 1544 1169 1579 79.

215 1623 391 1666 ts'eryleick
421 1622 600 1666 bezuylielc
631 1624 689 1656 des
718 1622 973 1663 Isleinzelaeuts,
1004 1622 1153 1655 welclzeu
1184 1623 1244 1655 del·
1274 1622 1420 1665 Pfarrer
1447 1633 1487 1655 zu
1519 1622 1734 1657 Waltrowitz-
1762 1624 1794 1655 ile
1816 1620 2062 1655 Rausenbmclc

616 1695 656 1717 zu
686 1683 845 1716 bezielaeu
875 1682 945 1716 1ιαί.
977 1682 1035 1716 Dt.
1067 1682 1295 1726 Rausenprvlz·
1323 1682 1383 1715 30.
1415 1683 1515 1716 Mcirz,
1547 1681 1655 1716 1351.

363 1759 408 1812 111
438 1778 579 1813 Nomine
610 1779 731 1812 domini
762 1780 882 1812 Amen.
914 1780 1014 1812 Anno
1043 1777 1227 1812 Natiuitatis
1265 1778 1413 1812 eiusdem
1450 1776 1626 1811 Millesimo
1665 1776 1916 1811 Trecentesimo
1951 1777 2061 1816 Quin-

208 1842 403 1884 quagesimo
433 1843 549 1885 primo,
581 1840 632 1874 die
661 1839 836 1886 penultima
868 1838 992 1872 Mensis
1022 1838 1149 1880 Marcii,
1178 1838 1371 1872 Indiecione
1400 1842 1529 1884 quarta.
1560 1836 1773 1871 Pontificatus
1801 1839 1999 1871 sanctissimi
2030 1840 2062 1870 in

209 1897 340 1933 Christo
370 1903 471 1945 patris
501 1904 533 1933 et
562 1900 696 1934 domini.
727 1899 847 1933 domini
877 1898 1056 1933 Clementis
1084 1900 1194 1933 diuina
1222 1899 1438 1945 prouidencia
1479 1898 1568 1944 Pape
1605 1897 1663 1932 Vl.
1701 1909 1788 1932 anno
1825 1909 1924 1932 nono.
1981 1896 2062 1930 Cum

205 1963 290 1994 inter
318 1964 472 1993 strenuos
503 1962 608 2001 viros.
638 1960 802 1993 dominum
832 1959 1037 1993 Jenczoncm
1068 1960 1212 2001 militem.
1246 1960 1441 1994 Benessium
1471 1964 1503 1992 et
1534 1959 1716 1992 Nicolaum.
1746 1958 1866 1992 fratres
1896 1958 1937 1991 de
1965 1958 2062 1992 Rau-

210 2020 354 2066 senpi·uk
385 2031 429 2054 ex
459 2032 536 2054 vna.
567 2025 599 2053 et
629 2024 714 2053 inter
743 2020 907 2054 dominum
942 2019 1103 2054 Vlricum.
1142 2021 1288 2054 ecclesie
1322 2024 1352 2054 in
1388 2020 1634 2054 Waltherwicz
1667 2019 1853 2065 plebanum.
1890 2023 1981 2064 parte
2019 2030 2061 2051 ex

210 2081 312 2114 altera
343 2081 418 2114 oliin
447 2092 558 2114 coram
593 2081 790 2115 Reuerendo
819 2085 851 2114 in
880 2080 1010 2115 Christo
1040 2085 1136 2126 patre
1165 2085 1197 2114 et
1225 2081 1367 2121 domino,
1407 2080 1539 2113 domino
1568 2079 1733 2113 Johanne.
1767 2079 1934 2126 Episcopo
1973 2078 2061 2112 Olo-

211 2145 374 2175 mucensi.
410 2142 529 2175 deinde
568 2153 680 2175 coram
718 2141 900 2175 honorabili
937 2145 1010 2175 viro
1048 2142 1180 2175 domino
1218 2144 1377 2186 magistro
1412 2140 1616 2183 Hermanno.
1656 2142 1825 2186 preposito
1864 2139 2061 2173 ssrunnensi.

212 2201 352 2236 Officiali
383 2213 454 2237 suo.
487 2206 623 2236 materia
655 2202 770 2247 queuis
800 2205 955 2236 suscitata
986 2202 1103 2237 fuisset
1132 2214 1232 2248 super
1262 2205 1391 2235 minutis
1420 2201 1570 2235 decimis.
1601 2212 1684 2247 quas
1705 2200 1779 2234 dicti
1801 2200 1889 2246 layci
1910 2201 1950 2234 de
1971 2204 2061 2244 agris

212 2266 356 2308 ipsorum
387 2267 418 2295 et
447 2264 629 2297 incolarum
660 2263 744 2297 dicte
774 2264 852 2297 ville
880 2266 911 2296 in
942 2263 1164 2309 Rausenpruk
1195 2267 1226 2297 in
1256 2262 1404 2296 domibus
1433 2273 1547 2295 eorum
1577 2266 1608 2295 et
1638 2272 1703 2295 non
1734 2264 1764 2294 in
1787 2265 1911 2306 campis
1937 2261 2061 2294 dandas

212 2333 287 2356 esse
317 2328 544 2359 asseruerunt.
575 2323 659 2369 quod
690 2327 721 2356 et
751 2323 857 2357 dictus
887 2322 1046 2369 plebanus
1075 2328 1188 2357 contra
1218 2327 1268 2357 ius
1297 2323 1453 2369 scriptum
1483 2322 1674 2369 parochiale
1703 2326 1734 2355 et
1762 2333 1867 2364 suum.
1907 2333 1946 2355 ac
1975 2321 2063 2354 dicte

212 2383 359 2417 ecclesie
388 2394 447 2417 sue
476 2384 692 2429 preiudicium
722 2384 790 2417 lieri
820 2383 995 2424 fatebatur.
1033 2396 1096 2418 nec
1135 2395 1199 2418 non
1238 2394 1338 2429 super
1372 2382 1513 2429 quodam
1550 2383 1660 2423 laneo.
1696 2393 1760 2428 quo
1799 2382 2062 2428 predecessores

213 2443 373 2477 dictorum
403 2444 572 2490 laycorum
603 2444 780 2490 Capellam.
811 2445 930 2478 ibidem
959 2449 990 2479 in
1021 2444 1241 2490 Rausenpruk
1270 2448 1493 2478 constructam
1523 2447 1555 2476 et
1585 2443 1670 2476 dicte
1699 2442 1877 2488 parochiali
1912 2441 2063 2475 Ecclesie

164 2549 166 2553 ,
214 2507 244 2537 in
274 2503 518 2537 Waltherwicz
549 2504 743 2538 subiectam.
774 2504 989 2538 dotauerunt:
1019 2505 1150 2539 tandem
1180 2504 1275 2538 iidem
1306 2504 1393 2549 layci
1423 2506 1453 2537 in
1484 2506 1660 2549 presencia
1691 2505 1753 2535 inei
1783 2501 1958 2548 subscripti
1989 2501 2062 2535 No-

214 2567 284 2597 tarii
314 2564 432 2609 publici
465 2576 503 2597 ac
534 2567 668 2598 testium
698 2564 957 2610 subscriptorum
989 2577 1047 2611 pro
1076 2577 1112 2599 se
1141 2570 1172 2598 et
1203 2563 1455 2599 successoribus
1485 2566 1551 2597 suis
1581 2565 1816 2597 renunciantes
1835 2565 1939 2608 primo
1969 2573 2062 2608 pure,
