2206 2735
1012 34 1185 89 ,RQ

346 148 569 193 Suffragantia
607 147 661 181 tibi
699 146 871 193 probitatis
900 151 931 180 et
959 150 1114 181 virtutum
1144 150 1258 181 merita
1288 158 1388 193 super
1417 147 1533 193 quibus
1563 148 1646 194 apud
1677 159 1738 182 nos
1768 147 1830 181 fide
1859 148 2032 192 dignorum

193 209 436 243 commendaris
466 210 653 242 testimonio
682 218 744 241 nos
773 208 930 240 inducunt
957 211 990 240 ut
1020 206 1075 240 tibi
1104 207 1280 240 reddamur
1309 207 1347 240 ad
1377 210 1514 251 gratiam
1547 208 1713 242 liberales.
1744 207 1903 241 Volentes
1924 211 2033 253 itaqu(=

192 270 246 303 tibi
276 273 508 316 premissorum
538 271 729 301 meritorum
759 272 888 301 tuorum
918 269 1032 300 intuitu
1053 270 1193 311 gratiam
1215 267 1329 301 facere
1349 269 1530 313 specialem
1552 268 1747 302 beneficium
1768 269 2031 302 ecclesiasticum

191 341 265 363 cum
295 341 373 363 cura
402 329 455 363 vel
484 331 556 362 sine
585 339 664 362 cura
693 332 888 362 consuetum
917 326 957 360 ab
986 327 1061 360 olim
1091 327 1221 361 clericis
1247 327 1453 361 secularibus
1478 330 1654 372 assignari,
1685 332 1777 362 0111115
1798 328 1925 362 fructus
1950 329 2033 362 red-

192 391 277 425 ditus
314 395 346 424 et
381 393 563 436 proventus
599 391 627 422 si
661 399 733 423 cnm
770 399 849 422 cura
887 389 1161 433 vigintiquinque,
1201 391 1227 422 si
1263 399 1345 422 vero
1384 391 1457 422 sine
1495 400 1574 421 cura
1610 388 1707 422 fuerit
1743 389 1857 422 decem
1894 394 1925 422 et
1954 393 2030 422 octo

191 450 396 485 Mai-charum
436 452 563 494 argenti
593 449 775 483 secundum
805 450 1008 482 taxationem
1038 447 1165 481 decime
1193 449 1340 481 valorem
1373 460 1514 482 annuum
1546 460 1609 482 non
1639 449 1817 482 excedant.
1854 449 1891 482 ad
1923 450 2031 482 colla-

191 516 314 546 tionem
349 513 574 557 provisionem
610 511 892 556 presentationem
929 518 989 542 seu
1025 511 1176 553 quamvis
1216 509 1309 542 aliam
1340 508 1589 554 dispositionem
1620 509 1810 542 dilectarum
1842 512 1871 542 111
1902 509 2030 543 Christo

189 572 323 606 tiliarum
355 597 361 605 .
393 599 399 605 .
430 570 612 605 Abbatisse
641 574 672 604 et
701 569 892 603 Conventus
920 567 1115 602 Monasterii
1145 571 1174 602 in
1206 569 1416 603 Tliusuanicz
1451 569 1575 603 ordinis
1605 568 1800 603 Cistercien.
1833 568 2028 603 Olomucen.

188 633 332 666 diocesis
361 635 532 678 pertinens
562 633 780 665 communiter
808 629 862 664 vel
892 629 1021 663 divisim
1051 632 1078 663 si
1108 629 1192 674 quod
1218 634 1316 663 vacat
1344 630 1381 663 ad
1412 640 1553 675 presens
1582 629 1635 663 vel
1656 640 1729 662 cum
1750 633 1923 663 vacaverit
1944 631 2030 676 quod

186 697 217 727 111
256 704 315 739 1101
351 697 383 726 10
420 693 473 726 vel
510 694 757 738 procuratorem
797 694 886 723 tuum
922 689 961 724 ad
991 689 1053 723 boc
1080 690 1225 733 legitime
1255 692 1465 723 constitutum
1495 689 1578 723 infra
1608 692 1704 723 11111115
1734 693 1858 723 mensis
1888 693 2028 735 spatium

187 758 360 799 postquam
389 753 445 787 tibi
475 753 529 787 vel
557 752 663 786 eidem
693 753 899 797 procuratori
928 753 1061 785 vacatio
1090 750 1175 783 illius
1196 752 1372 783 innotuerit
1398 750 1533 784 duxeris
1560 749 1813 795 acceptandum,
1844 750 2030 784 conferen-

187 813 260 847 dum
291 813 347 847 tibi
376 818 450 860 post
479 815 742 858 acceptationem
771 811 911 845 eandem
942 822 1015 844 cum
1045 809 1195 844 omnibus
1224 810 1349 844 iuribus
1379 814 1410 844 et
1438 813 1645 856 pertinentiis
1665 813 1732 844 suis
1753 810 1921 844 donationi
1942 822 2028 857 apo-

188 875 305 908 stolice
343 884 568 908 reservamus.
624 872 812 906 Districtius
841 871 1029 906 inhibentes
1058 871 1180 905 eisdem
1212 870 1394 904 Abbatisse
1423 875 1454 904 et
1483 869 1670 904 Conventui
1704 882 1746 904 ne
1775 871 1816 904 de
1844 870 2029 905 huiusmodi

187 934 350 968 beneficio
385 937 514 968 interim
553 936 652 967 etiam
681 937 756 966 ante
785 934 1048 978 acceptationem
1080 931 1261 978 predictam
1291 933 1355 965 11151
1384 935 1557 977 postquam
1588 934 1636 964 015
1666 934 1853 965 constiterit
1880 932 1965 976 quod
1997 937 2028 966 tu

187 996 241 1029 vel
279 999 472 1041 procurator
505 994 671 1039 predictus
706 992 782 1027 illud
818 993 990 1026 nolueritis
1027 998 1224 1038 acceptare,
1271 992 1448 1037 disponere
1486 991 1717 1037 quoquomodo
1759 997 1953 1038 presumant
1989 1004 2028 1026 110

186 1055 407 1090 decernentes
435 1065 569 1089 exnunc
597 1057 721 1088 irritum
743 1058 775 1087 et
795 1057 892 1087 inane
921 1055 947 1087 si
976 1064 1074 1087 secus
1104 1063 1204 1098 super
1223 1052 1284 1086 hiis
1305 1064 1321 1086 a
1343 1062 1505 1098 quoquam
1528 1054 1646 1097 quavis
1667 1055 1862 1086 auctoritate
1882 1056 2029 1087 scienter

187 1116 240 1149 vel
278 1118 472 1160 ignoranter
507 1116 685 1159 contigerit
719 1115 916 1159 attemptari,
954 1124 1020 1146 non
1058 1112 1264 1147 obstantibus
1294 1115 1321 1146 si
1350 1113 1448 1158 aliqui
1477 1123 1579 1158 super
1607 1112 1853 1158 provisionibus
1882 1113 1943 1147 sibi
1972 1113 2028 1148 fa-

187 1176 314 1210 ciendis
350 1176 392 1210 de
429 1174 613 1209 huiusmodi
649 1174 702 1208 vel
739 1174 810 1208 aliis
839 1173 1010 1207 beneficiis
1039 1174 1282 1208 ecclesiasticis
1310 1175 1341 1206 111
1371 1173 1432 1207 11115
1460 1172 1607 1219 partibus
1640 1172 1804 1218 speciales
1832 1174 1886 1207 vel
1915 1184 2029 1218 gene-

185 1237 271 1271 rales
300 1236 481 1282 apostolice
509 1234 598 1270 sedis
625 1235 680 1269 vel
708 1234 895 1279 legatorum
922 1236 994 1267 eius
1023 1233 1151 1268 litteras
1180 1236 1398 1279 impetrarint,
1428 1236 1556 1267 etiamsi
1584 1244 1644 1279 per
1663 1244 1721 1268 eas
1742 1233 1781 1267 ad
1802 1233 2027 1268 inhibitionem

185 1299 448 1332 reservationem
478 1302 510 1330 et
538 1296 708 1330 decretum
736 1294 792 1329 vel
820 1295 901 1328 alias
930 1294 1175 1340 quomodolibet
1204 1297 1246 1328 sit
1273 1305 1477 1340 processum,
1508 1293 1625 1340 quibus
1645 1293 1797 1328 omnibus
1818 1299 2027 1340 preterquam

185 1360 379 1392 auctoritate
406 1362 521 1392 nostra
549 1356 735 1391 huiusmodi
762 1354 924 1389 beneficia
954 1355 1206 1400 expectantibus
1235 1359 1267 1388 et
1294 1358 1326 1388 in
1356 1357 1570 1389 assecutione
1598 1354 1674 1388 dicti
1702 1354 1856 1388 beneficii
1877 1355 2028 1390 volumus

185 1418 355 1462 anteferri,
385 1418 443 1452 sed
472 1418 594 1452 nullum
622 1428 682 1464 per
710 1416 773 1450 hoc
802 1419 850 1450 eis
878 1416 985 1460 quoad
1015 1418 1260 1450 assecutionem
1289 1415 1428 1449 aliorum
1456 1414 1693 1449 beneficiorum
1714 1415 1932 1461 preiudicium
1960 1426 2030 1461 ge-

185 1482 305 1513 nerari.
363 1478 432 1513 Seu
468 1481 495 1512 si
528 1478 656 1513 eisdem
683 1476 865 1511 Abbatisse
893 1480 925 1510 et
954 1475 1141 1510 Conventui
1178 1476 1232 1509 vel
1266 1475 1437 1521 quibusvis
1466 1476 1539 1510 aliis
1568 1478 1787 1510 communiter
1815 1476 1870 1510 vel
1898 1476 2028 1510 divisim

185 1539 225 1574 ab
254 1539 369 1573 eadem
399 1542 442 1574 sit
469 1538 550 1573 sede
577 1538 734 1572 indultum
764 1536 849 1583 quod
879 1536 919 1570 ad
948 1539 1173 1582 receptionem
1202 1537 1257 1570 vel
1285 1539 1511 1582 provisionem
1536 1536 1674 1571 alicuius
1699 1538 1834 1570 minime
1853 1540 2029 1571 teneantur

184 1604 216 1633 et
252 1600 292 1633 ad
329 1600 359 1634 id
395 1599 547 1645 compelli
583 1610 650 1634 non
687 1601 828 1644 possint,
864 1596 1016 1642 quodque
1051 1597 1092 1630 de
1129 1596 1301 1630 beneficiis
1340 1597 1577 1631 ecclesiasticis
1606 1596 1645 1630 ad
1674 1607 1789 1631 eorum
1818 1597 2028 1631 collationem

184 1663 410 1705 provisionem
439 1662 720 1707 presentationem
749 1669 809 1693 seu
838 1660 989 1704 quamvis
1018 1657 1113 1691 aliam
1142 1657 1390 1703 dispositionem
1419 1656 1620 1691 coniunctim
1642 1656 1695 1691 vel
1715 1660 1894 1703 separatim
1922 1668 2027 1703 spec-

185 1719 328 1754 tantibus
364 1721 443 1754 nulli
477 1720 589 1754 valeat
623 1718 792 1766 provideri
827 1729 886 1763 per
920 1718 1044 1752 litteras
1082 1718 1283 1763 apostolicas
1312 1728 1378 1750 non
1407 1717 1567 1751 facientes
1595 1717 1725 1763 plenam
1755 1721 1788 1751 et
1815 1728 2025 1764 expressam.

186 1792 225 1815 ac
253 1780 294 1814 de
317 1779 423 1815 verbo
459 1780 500 1814 ad
527 1780 667 1814 verbum
695 1779 736 1812 de
766 1778 889 1812 indulto
917 1777 1100 1811 huiusmodi
1130 1780 1330 1811 mentionem
1360 1781 1391 1810 et
1419 1777 1563 1821 qualibet
1598 1777 1660 1810 alia
1690 1776 1777 1811 dicte
1805 1777 1895 1811 sedis
1923 1777 2027 1812 indul-

184 1844 298 1886 gentia
326 1840 477 1886 generali
505 1841 559 1875 vel
588 1840 726 1886 speciali
754 1842 992 1883 cuiuscumque
1020 1841 1144 1872 tenoris
1174 1840 1296 1872 existat
1316 1848 1375 1883 per
1394 1848 1490 1882 quam
1511 1836 1722 1884 presentibus
1742 1848 1808 1871 11011
1829 1848 2026 1884 expressam

185 1902 240 1936 vel
268 1902 412 1936 totaliter
440 1912 506 1935 non
534 1903 692 1935 insertam
723 1900 859 1934 effectus
888 1898 1072 1933 huiusmodi
1101 1902 1212 1932 nostre
1240 1901 1348 1943 gratie
1383 1897 1533 1943 impediri
1562 1898 1671 1931 valeat
1700 1897 1944 1943 quomodolibet
1971 1899 2027 1933 vel

187 1961 290 1996 differi
319 1966 352 1995 et
380 1962 420 1995 de
449 1972 510 2006 qua
540 1964 701 2006 cuiusque
729 1964 796 1994 toto
824 1964 940 1993 tenore
969 1958 1119 1993 habenda
1148 1962 1190 1992 sit
1217 1961 1250 1992 in
1278 1961 1402 1992 nostris
1430 1958 1547 1991 litteris
1578 1960 1701 1992 mentio
1730 1958 1898 2004 specialis.
1941 1958 2026 1992 Nulli

186 2033 268 2067 ergo
306 2027 368 2056 etc.
404 2026 516 2056 nostre
544 2023 794 2059 reservationis
832 2020 1034 2054 inhibitionis
1063 2024 1095 2053 et
1123 2022 1367 2053 constitutionis
1396 2018 1579 2063 infringere
1604 2022 1667 2052 010.
1710 2018 1828 2053 Datum
1858 2019 2027 2053 Avinione

187 2083 249 2117 Xll
277 2073 442 2118 Kalendas
472 2083 617 2127 Augusti
646 2082 745 2115 Anno
774 2081 970 2115 Undecimo.

493 2170 568 2205 (Ans
593 2170 648 2194 den
672 2168 750 2203 Orig.
774 2169 846 2202 Reg.
877 2168 1009 2194 Clemens
1033 2168 1082 2193 VI.
1116 2168 1148 2194 B.
1178 2168 1204 2203 1,
1234 2168 1318 2201 epist.
1345 2167 1416 2201 463,
1446 2175 1512 2200 pag.
1543 2167 1613 2199 235,
1646 2168 1673 2193 in
1697 2167 1856 2193 vidimirter
1880 2167 2026 2193 Abschrift

596 2221 633 2246 im
658 2229 693 2246 m.
718 2218 972 2253 Landesarehive.)

1871 2573 1905 2597 l?
