2206 2735
1123 82 1192 115 199

231 197 338 229 minus
369 197 452 229 iuste
481 194 641 240 impedire
668 204 734 227 non
764 193 938 235 desistunt,
968 193 1002 226 ln
1032 204 1168 239 quarum
1198 197 1421 240 piscacionum
1451 197 1670 240 possessione
1699 195 1775 228 dicti
1805 195 1927 228 domini
1957 198 2019 228 mei
2045 200 2076 228 ct

231 257 336 300 ipsum
374 255 613 289 Monasteriuin
651 258 727 288 sunt
763 254 900 300 pacifica
938 258 970 287 et
998 256 1107 299 quieta
1144 254 1196 288 uel
1235 257 1328 299 quasi
1367 266 1384 288 a
1424 259 1574 300 tempore
1604 255 1680 289 dicti
1711 255 1831 288 domini
1861 254 1967 300 Regis
1996 260 2030 288 et
2058 268 2074 288 a

232 320 383 362 tempore
411 319 503 350 cuius
531 318 564 349 in
592 317 794 348 contrarium
825 317 982 348 memoria
1011 325 1076 348 non
1105 318 1231 357 existit,
1263 326 1321 360 per
1349 314 1434 360 quod
1463 326 1647 360 grauainen
1670 320 1701 348 et
1722 315 1960 361 impedimenta
1980 315 2077 349 dictis

233 376 371 411 dominis
399 379 481 410 meis
510 380 542 409 et
570 377 630 421 ipsi
660 375 864 409 Monasterio
893 374 1055 408 dederunt
1084 374 1216 420 dampni
1245 375 1284 408 ad
1315 375 1451 409 Centum
1481 386 1610 409 marcas
1639 386 1834 420 grossorum
1864 376 2077 410 denariorum

232 438 447 482 pragensium
477 439 711 480 argenteorum
748 438 936 481 pagamenti
965 434 1125 468 Morauici
1163 439 1195 468 et
1223 439 1362 470 numeri.
1418 435 1500 469 Item
1536 436 1727 482 specialiter
1760 441 1874 470 contra
1910 437 2076 471 dominum

233 497 437 542 Stephanum
467 499 543 530 vice
572 500 605 530 et
632 499 767 530 nomine
796 495 1017 542 predictorum
1047 495 1188 529 Abbatis
1217 500 1249 529 et
1278 496 1469 530 Conuentns
1500 501 1533 530 et
1561 496 1637 530 dicti
1668 496 1861 530 Monasterii
1891 501 2025 531 nomine
2046 502 2078 531 et

234 559 462 603 procuratorio
502 567 653 602 propono
700 559 732 590 in
777 559 859 599 iure‚
907 555 991 600 quod
1028 558 1099 601 ipse
1134 555 1284 590 Judicem
1323 561 1356 590 et
1384 559 1581 602 piscatorem
1612 557 1686 590 dicti
1714 555 1908 590 Monasterii
1939 561 1968 591 in
2000 558 2075 591 villa

234 617 411 651 Costelano
446 619 573 650 taxauit
609 620 640 650 in
679 619 780 650 tercia
811 615 942 649 dimidia
971 626 1083 649 marca
1113 620 1146 650 et
1175 616 1314 650 eandem
1346 620 1485 650 extorsit
1514 620 1546 649 et
1575 616 1614 650 ab
1644 617 1769 651 eisdem
1799 620 1935 662 recepit.
1993 616 2077 652 Item

233 678 422 723 specialiter
451 681 565 711 contra
608 677 773 710 dominum
801 675 946 709 Vlricnm
994 676 1174 721 predictum
1223 680 1298 711 vice
1344 682 1376 711 et
1422 681 1554 712 nomine
1591 678 1814 723 predictorum
1844 682 1937 723 prout
1975 689 2074 724 snpra

233 749 384 784 propono
420 740 452 771 in
489 740 572 780 iure,
620 736 705 783 quod
741 739 814 782 ipse
850 739 956 770 eciam
992 748 1092 770 vnum
1121 740 1321 783 piscatorem
1351 741 1381 771 in
1411 740 1625 784 preiudiciuni
1656 739 1734 771 dicti
1763 737 1956 772 Monasterii
1992 742 2076 784 cepit

233 804 264 831 et
293 798 427 840 detinet,
471 808 534 844 quo
564 797 670 831 adhuc
708 800 815 831 minus
850 799 937 831 iuste
965 800 998 830 et
1025 800 1105 843 petit
1135 797 1174 830 ab
1203 798 1321 831 eodeni
1350 798 1467 832 decem
1498 811 1628 833 marcas
1658 809 1851 843 grossorum
1883 804 2016 832 monete
2045 805 2075 833 et

232 861 422 903 pagamenti
451 858 672 904 predictorum
703 868 774 891 cum
805 868 870 891 non
900 861 1091 891 excesserit
1120 860 1152 891 in
1180 869 1247 892 vno
1276 869 1407 903 grosso.
1464 859 1543 893 Item
1578 864 1693 893 contra
1730 858 1870 892 eundem
1909 859 2074 892 dominnm

233 919 382 953 Vlricum
418 922 493 953 vice
531 924 563 952 et
598 921 731 952 nomine
766 918 990 964 predictorum
1025 918 1230 952 dominorum
1275 923 1369 964 prout
1407 930 1506 965 snpra
1544 930 1693 965 propono
1723 922 1754 952 in
1784 921 1854 951 inre
1884 919 2074 963 queruloso.

232 979 318 1025 quod
346 982 418 1025 ipse
445 980 557 1013 villam
587 979 709 1024 Popicz
746 978 894 1012 inferiori
932 978 1053 1012 dictam
1089 979 1230 1024 predicti
1259 977 1453 1012 Monasterii
1482 982 1544 1025 ipsi
1576 984 1728 1025 tanquam
1758 978 1866 1012 Judici
1895 984 1924 1011 et
1954 979 2073 1013 fautori

233 1040 272 1074 ad
301 1045 449 1086 tempora
477 1042 544 1073 uite
574 1050 633 1073 sue
662 1041 846 1084 expositam
877 1043 908 1072 et
937 1039 1109 1072 locandam
1157 1044 1189 1073 et
1234 1039 1434 1073 fundandam
1463 1051 1523 1085 per
1550 1042 1668 1086 ipsum„
1717 1051 1811 1085 quain
1852 1050 1915 1072 non
1954 1041 2074 1073 locauit

231 1100 289 1134 sed
318 1102 434 1146 pocius
470 1099 645 1139 desolauit„
693 1099 775 1133 dans
813 1110 872 1145 per
906 1099 969 1133 hoc
1005 1099 1163 1145 predictis
1193 1100 1336 1133 dominis
1374 1103 1455 1134 meis
1490 1105 1522 1133 et
1550 1103 1614 1146 ipsi
1642 1099 1846 1133 Monasterio
1876 1100 2006 1145 dampni
2037 1101 2075 1134 ad

232 1160 476 1206 Quinquaginta
506 1171 637 1194 marcas
666 1171 859 1205 grossorum
898 1165 1032 1194 monete
1068 1165 1100 1194 et
1127 1164 1316 1207 pagamenti
1347 1161 1579 1206 predictorum.
1637 1161 1718 1194 Itein
1754 1165 1868 1194 contra
1905 1162 2072 1206 predictos

231 1221 347 1255 ambos
377 1221 478 1255 frates
508 1225 540 1254 et
574 1221 723 1254 dominos
760 1224 837 1254 vice
871 1225 903 1254 et
936 1224 1071 1254 nomine
1100 1221 1258 1254 dictorum
1289 1221 1491 1263 dominorum
1522 1233 1560 1255 ac
1589 1221 1782 1255 Monasterii
1813 1221 1950 1266 predicti
1980 1227 2075 1267 prout

233 1293 331 1327 supra
360 1292 510 1328 propono
540 1284 571 1315 in
600 1285 682 1324 iure„
712 1281 798 1327 quod
826 1283 888 1327 ipsi
918 1282 1027 1316 villani
1057 1285 1201 1327 ipsorum
1232 1281 1422 1315 Minlzonicz
1452 1282 1569 1316 dictam
1600 1294 1672 1316 cum
1703 1281 1855 1315 omnibus
1886 1287 1917 1315 et
1937 1282 2075 1326 singulis

230 1342 356 1376 iuribus
385 1346 418 1376 et
450 1342 644 1376 Vtilitatibus
681 1342 843 1376 fructibus
879 1342 1035 1376 censibus
1072 1342 1252 1376 honoribus
1282 1346 1402 1377 stem-is
1432 1348 1462 1376 et
1492 1343 1564 1376 aliis
1595 1342 1857 1377 obuencionibus
1887 1354 1960 1375 euin
1990 1346 2077 1376 omni

231 1403 386 1437 dominio.
417 1403 503 1449 quod
533 1406 581 1436 eis
609 1403 819 1449 competebat
849 1406 879 1436 in
908 1403 1037 1445 eadem,
1075 1403 1232 1449 predictis
1263 1403 1401 1437 dominis
1430 1403 1551 1437 Abbati
1582 1407 1615 1437 et
1644 1403 1828 1437 Conuentui
1858 1415 1896 1436 ac
1926 1403 2075 1448 predicto

231 1463 435 1497 Monasterio
473 1466 622 1508 quamuis
663 1468 782 1509 sponte
820 1463 1001 1508 predictam
1038 1463 1150 1497 villam
1180 1463 1403 1508 obligauerint
1449 1467 1479 1497 in
1524 1467 1699 1507 sexaginta
1728 1462 1852 1496 Marcis
1882 1474 2075 1507 grossorum

232 1528 364 1558 monete
393 1528 425 1557 et
453 1527 642 1570 pagamcnti
671 1524 897 1569 predictorum
935 1535 993 1569 pro
1029 1524 1178 1557 remedio
1207 1527 1389 1558 animarum
1420 1527 1522 1570 patris
1553 1530 1584 1558 et
1613 1524 1723 1558 fratris
1753 1527 1899 1569 ipsorum
1931 1524 1969 1557 ad
2000 1523 2076 1557 dis-

234 1587 441 1631 posicionem
472 1584 533 1618 iani
565 1584 726 1617 dictorum
754 1587 856 1630 patris
886 1589 918 1618 et
946 1584 1058 1619 fratris
1087 1588 1244 1631 ipsorum„
1273 1585 1512 1619 Nichilominus
1542 1585 1661 1619 dictam
1681 1585 1790 1619 villani
1818 1596 1875 1618 seu
1897 1584 2077 1618 remedium

231 1644 415 1690 predictum
445 1644 666 1686 detinuerunt7
698 1655 761 1690 quo
791 1644 897 1678 adhuc
927 1645 1075 1679 detinent
1104 1645 1278 1685 violenter„
1316 1657 1359 1679 ex
1388 1657 1449 1691 qua
1480 1646 1679 1679 detencione
1708 1645 1853 1678 violenta
1884 1644 1979 1679 dictis
2008 1644 2075 1677 do-

233 1707 328 1738 minis
374 1704 511 1750 prefatis
558 1704 698 1738 dominis
743 1707 826 1738 meis
860 1710 893 1738 et
928 1708 990 1750 ipsi
1026 1705 1230 1740 Monasterio
1260 1706 1422 1739 dederunt
1450 1706 1581 1752 dampni
1611 1716 1710 1750 super
1739 1708 1913 1749 sexaginta
1945 1716 2073 1739 marcas

231 1775 423 1809 grossorum
452 1768 642 1810 pagamenti
685 1770 716 1798 ct
758 1770 891 1799 monete
932 1765 1167 1812 predictorum.
1224 1766 1334 1807 Quare
1381 1766 1512 1799 domine
1558 1764 1758 1798 Reuerende
1803 1770 1879 1810 peto
1926 1768 2000 1799 vice
2046 1769 2077 1798 et

232 1828 366 1859 nomine
421 1825 645 1870 predictorum
699 1825 903 1859 dominorum
955 1826 1096 1860 Abbatis
1151 1831 1182 1860 et
1237 1826 1428 1860 Conuentus
1475 1837 1513 1859 ac
1567 1825 1641 1859 dicti
1695 1825 1887 1859 Monasterii
1942 1828 2075 1859 nomine

232 1885 402 1932 predictos
432 1885 533 1919 frates
572 1890 604 1919 et
640 1885 792 1919 dominos
838 1889 976 1920 racione
1022 1887 1237 1933 dampnorum
1267 1888 1490 1933 predictorum
1521 1886 1558 1919 ad
1589 1885 1732 1919 dandum
1762 1890 1792 1919 et
1823 1885 2018 1920 soluendum
2047 1890 2076 1919 et

232 1945 471 1980 numerandum
502 1946 597 1979 dictis
626 1945 767 1980 dominis
796 1950 878 1980 meis
908 1946 1047 1980 Centum
1078 1959 1150 1980 cuni
1180 1946 1271 1980 LXX
1300 1949 1421 1981 marcis
1450 1957 1642 1991 grossorum
1673 1950 1805 1979 monete
1834 1950 1865 1978 et
1884 1949 2074 1991 pagamenti

232 2006 454 2053 predictorum
484 2009 574 2052 ipsos
621 2007 773 2052 compelli
819 2007 857 2041 ad
894 2011 1059 2042 interesse
1105 2008 1354 2054 condempnari.
1410 2007 1492 2040 Item
1531 2006 1721 2052 specialiter
1748 2011 1825 2051 peto
1854 2011 1947 2052 prout
1977 2017 2076 2052 supra

232 2067 619 2113 nominepredictorum
649 2067 853 2101 dominorum
883 2079 1031 2101 meorum
1061 2071 1164 2113 ipsum
1194 2068 1375 2114 predictum
1406 2067 1570 2101 dominum
1600 2066 1804 2112 Stephanum
1828 2077 1887 2111 per
1917 2077 1977 2100 vos
2006 2066 2078 2100 sore

234 2127 499 2173 compellendum
537 2127 575 2160 ad
611 2127 846 2161 restituendam
885 2131 1019 2161 terciam
1057 2128 1221 2162 dimidiam
1257 2128 1402 2162 Marcam
1431 2138 1639 2171 grossorum,
1678 2139 1759 2172 quas
1789 2139 1806 2160 a
1837 2127 1931 2160 dictis
1960 2127 2077 2160 Judice

234 2192 267 2221 et
295 2190 463 2233 piscatore
496 2191 623 2233 recepit
658 2190 765 2220 minus
802 2190 900 2230 iuste⁷
946 2193 1100 2233 preterea
1139 2193 1214 2234 peto
1250 2188 1472 2234 supradictum
1503 2188 1668 2222 dominum
1697 2187 1844 2221 Vlricinn
1888 2187 2077 2233 specialiter

232 2251 309 2282 vice
344 2253 375 2281 et
408 2250 541 2282 nomine
577 2253 673 2294 prout
708 2259 806 2294 supra
843 2259 902 2294 per
935 2260 997 2282 vos
1026 2248 1097 2282 fore
1127 2248 1403 2295 compellendum‚
1434 2248 1518 2293 quod
1549 2248 1730 2293 predictum
1761 2247 1924 2281 hominem
1955 2246 2078 2280 Mona—

234 2311 339 2351 steni,
386 2319 482 2354 quem
518 2308 640 2342 detinet
673 2319 747 2342 cuin
782 2308 1041 2351 fideiussoribus
1092 2309 1228 2343 dimittat
1263 2309 1399 2342 liberum
1430 2313 1462 2342 et
1491 2309 1646 2350 solutum„
1695 2308 1776 2341 Peto
1805 2310 1910 2341 eciam
1941 2310 2018 2341 vice
2047 2312 2078 2340 et

234 2372 367 2403 nomine
400 2373 494 2415 prout
530 2381 628 2415 supra
665 2369 785 2403 dictum
823 2369 989 2403 dominum
1019 2369 1167 2403 Vlricum
1205 2372 1339 2403 racione
1377 2368 1604 2415 dampnorum„
1653 2379 1716 2413 que
1744 2379 1805 2414 per
1834 2368 2078 2401 desolacionein

233 2429 312 2463 ville
340 2429 464 2475 Popicz
492 2432 556 2475 ipsi
584 2429 788 2463 Monasterio
817 2429 932 2471 intulit,
981 2432 1086 2475 ipsum
1116 2430 1156 2463 ad
1186 2429 1430 2474 Quinquaginta
1478 2440 1609 2462 marcas
1643 2439 1837 2473 grossorum
1873 2432 2008 2461 monete
2047 2432 2078 2461 et

234 2493 423 2535 pagamenti
452 2490 675 2536 predictorum
704 2501 763 2536 per
790 2501 852 2524 vos
882 2489 954 2523 fore
983 2490 1258 2536 compellendum,
1289 2489 1328 2523 Et
1356 2493 1524 2536 protestor
1544 2492 1620 2523 vice
1640 2493 1672 2522 et
1700 2491 1833 2522 nomine
1861 2492 1957 2533 prout
1977 2499 2077 2534 supra

236 2550 276 2583 de
305 2553 462 2596 expensis
491 2561 551 2597 pro
580 2562 632 2585 me
661 2550 757 2585 factis
786 2554 819 2584 in
848 2551 903 2585 lite
931 2555 963 2584 et
992 2555 1088 2584 extra
1119 2555 1150 2584 et
1178 2553 1211 2584 in
1240 2555 1407 2596 posterum
1438 2549 1478 2583 de
1506 2549 1670 2583 faciendis
1692 2549 1785 2583 saluo
1806 2547 1902 2581 michi
1932 2552 1964 2581 et
1984 2548 2077 2582 dictis
