2206 2735
1049 43 1120 78 180

154 159 297 205 quulibet
327 157 558 203 computandis
587 168 604 190 a
635 168 733 190 sacro
762 167 900 190 romano
931 155 1073 203 linperio
1103 159 1164 190 rite
1194 157 1315 190 l'ucrint
1345 156 1490 202 obligata
1520 163 1550 192 ct
1581 162 1816 205 progenitores
1854 171 1891 194 ac
1930 171 2011 206 pre-

154 221 352 254 decessores
382 221 430 251 sui
464 217 576 262 Reges
608 217 743 251 Boeinie
774 217 917 251 illustres
948 220 977 251 iu
1011 220 1230 263 possessione
1266 217 1467 263 prefatorum
1504 221 1678 264 pignorum
1715 218 1835 253 fuerint
1874 224 1904 253 et
1941 224 2009 266 ipse

156 281 315 314 Dominus
345 282 459 312 noster
489 277 656 324 predictus
686 277 801 312 eadem
832 280 970 323 pignora
1000 280 1061 311 rite
1090 277 1258 324 possideat
1287 280 1316 311 in
1348 281 1505 323 presenti.
1536 279 1766 313 Consiilcratis
1797 283 1894 325 igitur
1923 281 2010 315 inul-

154 340 320 387 tiplicibus
349 338 520 373 fauoribus
550 343 581 372 et
619 341 742 383 graciis
771 343 801 371 ct
833 338 1001 372 fructuosa
1038 338 1215 382 diligencia
1252 350 1314 372 uec
1354 349 1419 372 uon
1456 338 1622 374 laboribus
1659 340 1855 388 indefessis,
1893 340 2010 387 quibus

155 400 302 447 prefatus
332 399 493 433 Dominus
523 402 637 433 noster
665 399 703 432 ad
735 399 894 432 tumorem
924 404 956 432 ct
986 399 1156 433 utilitatem
1187 402 1272 433 sacri
1312 399 1444 445 Imperii
1481 399 1622 434 lideliter
1658 405 1689 435 et
1726 402 1919 447 frequenter
1954 405 2009 435 in-

155 461 279 497 tendit.
317 463 478 506 inspectis
517 463 622 494 eciam
659 459 859 493 notabilibus
897 463 927 492 ct
966 459 1125 494 studiosis
1162 461 1349 506 obsequiis.
1387 471 1450 506 que
1488 463 1720 506 progenitores
1758 465 1806 495 sui
1846 461 2010 507 quondam

155 522 268 567 Reges
300 521 436 555 Boemie
472 522 533 567 ipsi
570 530 669 554 sacro
707 519 848 565 Imperio
882 525 1080 554 reuerenter
1116 525 1147 554 et
1177 521 1297 555 utiliter
1335 524 1446 567 sepius
1481 521 1670 556 ostendisse
1700 527 1901 556 noscuntur.
1935 533 2008 556 cuin

154 583 317 629 prefatum
355 582 510 627 Regnum
550 580 685 614 Boemie
728 579 912 626 [inperialis
948 591 1074 614 corone
1109 581 1241 625 (liguum
1277 581 1408 628 quidem
1445 586 1476 616 et
1512 581 1622 616 nobile
1657 582 1840 617 membrum
1876 586 2008 617 existat.

155 644 282 678 damnis
312 642 509 685 huiusmodi,
540 641 656 687 quibus
685 640 847 687 prefatum
879 640 1032 685 Regnum
1062 641 1198 676 Boemie
1227 653 1271 676 ex
1301 646 1474 689 premissis
1503 642 1680 677 eventibus
1703 647 1838 688 gravari
1869 645 2007 677 valeret.

155 704 384 738 desideramus
413 713 592 737 occurrere
621 705 800 748 sapienter.
833 704 1023 735 nominatim
1053 701 1095 736 ob
1125 702 1211 736 illam
1241 702 1349 746 sidenu
1381 715 1442 749 qua
1463 704 1554 737 velut
1577 703 1736 749 Princeps
1758 703 1890 738 Elector
1911 716 2010 738 sacro

155 770 306 799 tenemur
335 764 489 810 Imperio.
520 774 561 797 ne
590 762 737 808 prelatus
768 762 927 796 Dominus
955 768 1072 797 noster
1101 768 1131 797 et
1160 774 1299 808 regnum
1323 775 1417 798 suum
1448 764 1584 799 Boemie
1613 767 1793 799 occasione
1822 764 2009 799 dubitacio-

155 837 232 860 nnm
274 826 386 860 talium
424 824 541 858 damna
580 826 696 870 queuis
733 823 967 869 impedimenta
1004 835 1063 858 seu
1101 824 1272 870 dispendia
1317 827 1503 871 paciantur,
1539 827 1649 859 animo
1685 824 1869 859 deliberato
1904 830 1934 859 et
1970 826 2010 859 de

155 892 247 921 certa
277 891 390 921 nostra
420 887 568 919 sciencia
604 888 714 918 notum
749 884 888 918 facimus
918 889 949 918 et
989 885 1147 932 fatemur.)
1185 886 1272 930 quod
1312 885 1438 931 prefata
1474 885 1637 930 Egrensis
1676 886 1801 919 Ciuitas
1841 896 1913 919 cuni
1951 897 2010 919 suo

155 950 321 982 territorio
350 951 380 980 et
410 950 521 979 castra
552 956 612 979 seu
641 947 848 979 municiones
878 945 979 979 Flozz
1000 951 1031 979 et
1052 945 1242 993 Parlisteyn
1271 958 1344 980 cum
1366 945 1515 993 Oppidis.
1545 947 1643 990 villis,
1672 946 1849 989 nobilibusP
1871 946 2010 993 plebeis.

157 1007 356 1055 pauperibus
395 1012 427 1040 et
464 1005 638 1041 diuitibus.
675 1008 932 1040 circonstanciis
962 1010 993 1040 et
1022 1007 1176 1041 omnibus
1213 1009 1283 1041 suis
1319 1009 1553 1053 pertinenciis,
1592 1017 1655 1051 que
1692 1006 1776 1040 infra
1807 1011 1912 1040 metas
1942 1010 2013 1040 siue

156 1070 273 1103 limites
302 1073 475 1110 terrarum,
507 1066 699 1101 Castrorum
730 1070 802 1101 siue
833 1070 1056 1101 municionum
1085 1067 1271 1102 huiusmodi
1293 1070 1467 1110 situantun
1489 1067 1607 1113 prel'ati
1628 1067 1761 1101 Domini
1783 1071 1886 1101 nostri
1908 1067 2012 1112 Regis

156 1135 310 1175 tanquam
339 1131 428 1173 regis
460 1127 596 1162 Boemie
626 1127 784 1161 heredum
816 1132 847 1161 et
886 1139 1123 1162 successorum
1161 1139 1294 1162 suorum
1334 1138 1449 1172 regum
1487 1127 1623 1161 Boemie
1661 1132 1692 1161 et
1730 1127 1878 1161 eiusdem
1917 1131 2012 1172 regni

156 1201 281 1224 corone
310 1192 430 1236 pignus
460 1193 491 1222 et
520 1187 685 1233 obligacio
714 1187 834 1222 (ludum
867 1188 998 1222 fuerant
1027 1193 1057 1222 et
1087 1193 1162 1223 sunt
1192 1200 1251 1235 pro
1282 1188 1498 1233 quadraginta
1526 1187 1670 1222 Millibus
1699 1187 1912 1222 Mai-charum
1941 1191 2014 1234 puri

155 1254 282 1296 argenti
312 1250 469 1296 ponderis
500 1249 655 1283 antedicti
685 1254 716 1282 et
747 1249 887 1283 eandem
917 1249 1161 1294 obligacionem
1190 1260 1249 1283 seu
1279 1252 1553 1295 pignoraciouem
1575 1249 1808 1283 confirmamus
1839 1249 1879 1282 (le
1900 1252 2012 1283 nostra

157 1314 303 1345 sciencia
333 1310 393 1345 sub
423 1309 575 1344 omnibus
605 1310 709 1344 modis
730 1314 760 1344 et
785 1309 1037 1344 condicionibus
1067 1314 1100 1344 ut
1130 1309 1296 1356 prefertur
1324 1313 1472 1356 ipsisque
1500 1309 1700 1354 obligacioni
1730 1314 1761 1343 et
1783 1312 2012 1355 pignoraciom

158 1372 318 1413 fauorem,
347 1371 564 1413 voluntatem,
594 1370 731 1404 verbum
763 1375 793 1404 et
824 1372 956 1417 plenum
986 1382 1189 1405 consensum
1220 1376 1414 1417 apponimus
1444 1370 1532 1404 vetut
1555 1370 1839 1417 Areliiepiscopus
1866 1381 2014 1415 magun-—

158 1436 296 1467 tinensis
325 1437 358 1466 et
384 1443 446 1479 per
476 1431 685 1466 Germaniam
725 1431 1053 1466 Archicancellarius
1092 1436 1124 1465 et
1161 1435 1318 1478 princeps
1356 1431 1491 1465 Elector
1527 1434 1614 1465 sacri
1650 1430 1780 1477 Imperii
1822 1431 2011 1477 supradicti.

158 1494 372 1528 Presencium
402 1493 463 1528 sub
493 1497 606 1527 nostro
637 1493 753 1538 Sigillo
791 1496 980 1527 testimonio
1010 1493 1189 1527 literarum.
1223 1492 1339 1526 Datum
1379 1493 1476 1538 Spire
1506 1493 1605 1526 Anno
1636 1492 1766 1526 Domini
1802 1491 1899 1527 1353
1930 1492 2010 1525 l'eria

158 1559 271 1598 quarta
301 1557 451 1600 proxima
482 1558 557 1588 ante
586 1554 671 1588 diem
701 1556 806 1588 sancti
837 1553 976 1588 Nicolai.

468 1657 541 1694 (Ans
566 1659 620 1684 den
648 1658 744 1684 Privil.
771 1667 833 1692 reg,
859 1659 928 1684 noh,
956 1659 1137 1692 Manuskript
1163 1668 1188 1692 p.
1215 1659 1273 1683 2⁵4
1295 1658 1310 1683 b
1336 1658 1370 1683 im
1398 1658 1622 1689 Laudesarehiv,
1647 1657 1725 1691 Sign.
1754 1657 1791 1683 Μ.
1818 1657 1878 1682 Vll.
1907 1656 1970 1692 2³¹.)

1037 1831 1143 1866 233.

891 1918 925 1950 4.
958 1917 1148 1952 Dez—enzber
1179 1918 1288 1952 1353.

292 1985 492 2038 xx'ilhelin.
531 2004 732 2038 Erzhiscliof
767 2015 831 2038 von
868 2003 965 2038 Koln.
1006 2004 1163 2038 belzennt.
1195 2006 1271 2039 (lass
1310 2004 1368 2037 (las
1404 2003 1544 2037 Gebieth
1574 2014 1639 2037 von
1669 2002 1759 2047 Eger
1788 2002 1850 2035 den
1881 2001 2012 2035 bobini-

165 2064 268 2099 scheu
309 2064 462 2110 Konigen
500 2065 698 2111 verpfa'ndet
742 2068 802 2099 sei.
848 2064 899 2098 Dt.
944 2064 1041 2111 Spire
1082 2065 1176 2100 1353
1219 2065 1300 2098 scria
1344 2069 1456 2109 quarta
1494 2066 1646 2110 proxima
1683 2061 1874 2097 antediem
1905 2065 2011 2096 sancti

167 2124 293 2159 Nicolai
325 2124 490 2171 Episcopi.

428 2202 501 2242 (Aus
526 2205 589 2230 dem
614 2204 689 2231 Priv.
715 2213 774 2239 reg.
801 2206 870 2230 Hah.
889 2205 1001 2231 Mansk.
1018 2205 1056 2230 im
1075 2204 1300 2231 Laudesarchiw
1334 2214 1359 2237 p.
1380 2203 1473 2239 25be
1491 2204 1562 2237 sign.
1580 2203 1617 2230 M,
1637 2202 1683 2228 Vll
1702 2202 1755 2237 233
1781 2202 1837 2227 vid.
1861 2201 1909 2228 Nr.
1928 2201 2011 2232 2137.)
