2206 2735
1131 56 1170 87 bt

230 174 306 205 mini
337 175 368 203 et
398 172 492 204 unire
522 168 675 203 videlicet
704 170 733 201 in
765 166 937 201 Decanatu
968 166 1232 211 Schombergen.
1260 166 1336 200 dieti
1359 165 1658 199 Areliidiaeonatus
1680 162 2081 198 0101nucen.ce1101›mm

231 231 364 265 fratrum
396 229 519 264 ordinis
549 231 653 263 sancti
675 227 846 262 Benedicti
875 226 958 272 quod
988 227 1171 271 vulgariter
1199 227 1318 260 dicitur
1339 226 1581 260 Claustrellum.
1612 226 1692 259 Item
1715 225 1947 260 Ludwicivilla
1975 223 2083 257 Detz-

232 294 298 324 vitz
328 288 530 324 Schomvald
560 288 703 322 zockitel
733 288 914 333 Altuslapis
946 287 1133 321 Adolfivilla
1161 286 1371 321 Schiltbereh
1402 286 1663 332 Scriptorisvilla
1695 285 1872 320 Odendorf
1896 285 2083 319 altaeivitas

232 352 461 385 t'errensmons
500 348 700 383 Jacobivilla
739 348 979 397 Joliannisvilla
1010 347 1266 381 Ebirhardivilla
1299 347 1537 389 Goldenscam,
1569 349 1735 392 antiquum
1766 345 1895 379 Goldek
1924 343 2082 379 Richardi

234 412 307 445 villa
339 410 525 445 sobetinna.
581 409 661 443 Item
692 412 723 443 in
752 409 928 443 Decanatu
955 408 1139 443 Husomen.
1171 408 1408 442 Btadavisvilla
1440 407 1663 453 Reymarscat
1690 405 1928 439 Rescliendors
1952 404 2083 438 Moraw

234 471 360 506 Novum
391 470 545 504 Cochaus
574 469 784 504 Albertivilla
815 473 849 503 et
876 469 1061 515 Lompnitz.
1090 468 1209 502 Datum
1241 467 1392 502 Olomutz
1422 470 1532 514 quinta
1563 467 1614 501 die
1645 469 1768 500 mensis
1797 465 1953 500 februarii
1983 467 2083 499 Anno

233 531 421 565 Nativitatis
450 530 625 564 Dominice
656 530 827 564 millesimo
858 532 1094 564 trecentesimo
1123 532 1410 575 quinquagesimo.
1460 529 1679 562 Sanctissimo
1709 529 1741 560 in
1771 526 1902 560 Christo
1932 529 2015 571 patri
2045 536 2084 558 ac

232 592 363 626 domino
401 591 532 625 domino
571 590 732 624 Clementi
767 590 865 634 digna
901 590 962 624 Dei
999 591 1173 624 clementia
1203 594 1421 624 sacrosancte
1450 588 1603 623 Romane
1638 599 1677 621 ac
1706 587 1908 621 universalis
1937 587 2083 619 ecclesie

231 662 357 685 summo
396 651 544 685 Pontitiei
583 651 754 686 Johannes
792 650 980 696 Episcopus
1020 650 1208 684 Ditlnnarus
1246 649 1338 683 Prior
1374 646 1572 682 waltherus
1611 647 1732 682 Custos
1761 646 1932 681 Joliannes
1963 645 2085 679 Cantor

231 712 403 746 Conradus
442 714 638 747 scolasticus
675 717 703 745 et
736 711 919 758 Capitulum
950 711 1206 746 Luchomuslen.
1236 709 1393 744 Ecclesie
1423 710 1540 755 pedum
1571 709 1684 743 oscula
1715 707 1897 742 beatorum.
1957 706 2083 740 Dudum

232 775 392 807 sanctitas
423 777 536 807 vestra
568 772 708 817 Pragen.
739 771 926 806 Ecclesiam
967 775 997 805 in
1034 771 1367 817 Archiepiscopalem
1397 774 1429 803 rt
1459 768 1699 802 Monasterium
1729 766 1984 802 Luchomuslen.
2016 766 2084 800 Ca-

232 836 424 866 nonicorum
455 833 670 878 Regularium
706 833 830 866 ordinis
867 837 1145 878 premonstraten.
1185 835 1215 865 in
1247 830 1478 865 Catliedralem
1508 829 1694 863 Ecclesiam
1734 827 1894 873 erigendo
1928 826 2083 873 providit.

232 896 345 927 statuit
373 897 406 926 et
435 893 583 926 decrevit
612 892 767 926 Ecclesie
797 897 826 926 et
856 892 1070 938 Episcopatui
1106 903 1165 938 pro
1202 892 1325 926 diocesi
1355 891 1612 925 Luchomuslen.
1653 894 1764 923 certas
1804 899 1968 934 personas
1998 886 2083 920 Cleri

233 958 262 987 et
293 954 512 987 ecclesiarum
542 953 614 999 plus
644 953 750 986 eidem
781 953 927 986 ecclesie
957 953 1178 986 adiacentium
1208 953 1249 985 de
1278 952 1421 996 Pragen.
1452 955 1483 984 et
1514 950 1708 983 Olomucen.
1750 947 1940 983 diocesibus
1976 947 2086 994 depu-

232 1013 358 1055 tandas2
389 1013 429 1046 de
458 1012 575 1058 quibus
604 1013 677 1058 Ego
707 1018 737 1047 et
768 1014 951 1059 Capitulum
989 1014 1134 1047 ecclesie
1164 1024 1238 1046 mee
1273 1023 1347 1046 eum
1378 1011 1590 1045 Reverendis
1620 1013 1650 1043 in
1681 1009 1811 1043 Christo
1841 1008 1988 1055 patribus
2018 1008 2085 1041 do-

231 1076 325 1107 minis
356 1074 505 1108 Arnesto
537 1073 804 1119 Archiepiscopo
837 1073 976 1118 Pragen.
1000 1085 1039 1107 ac
1059 1073 1228 1119 Episcopo
1251 1072 1446 1107 Olomucen.
1468 1077 1499 1105 et
1521 1082 1651 1105 suarum
1676 1070 1815 1115 Pragen.
1839 1075 1869 1103 et
1887 1069 2084 1104 Olomucen.

233 1133 460 1168 Ecclesiarum
492 1133 650 1180 Capitulis
680 1134 840 1168 hactenus
869 1137 1080 1178 nequivimus
1110 1134 1327 1168 concordare.
1384 1133 1479 1167 Nunc
1509 1137 1618 1166 autem
1649 1134 1895 1165 interveniente
1925 1130 2086 1164 Serenis-

232 1194 317 1228 simo
347 1197 495 1240 principe
524 1199 555 1228 et
586 1194 718 1228 domino
748 1195 879 1228 domino
908 1194 1031 1228 Karolo
1062 1194 1288 1228 Romanorum
1310 1199 1340 1228 et
1364 1194 1500 1228 ssoemie
1529 1204 1612 1238 rege
1632 1192 1819 1226 concordes
1841 1191 1949 1225 effecti
1972 1189 2084 1224 Sanc-

235 1258 314 1288 titati
351 1260 464 1289 vestre
500 1266 562 1289 una
593 1266 665 1289 cum
696 1255 852 1301 predictis
882 1255 1022 1289 dominis
1055 1255 1319 1301 Areliiepiscopo
1349 1260 1380 1288 et
1409 1254 1578 1300 Episcopo
1608 1264 1647 1287 ac
1677 1252 1826 1299 Capitulo
1865 1255 2026 1285 instanter
2055 1255 2087 1283 et

233 1315 395 1349 humiliter
424 1316 662 1362 supplicamus„
702 1318 855 1361 quatinus
889 1316 975 1349 dicte
1003 1315 1259 1350 Luehomuslen.
1297 1316 1445 1349 ecclesie
1482 1325 1540 1360 pro
1580 1313 1664 1348 dioc.
1697 1312 1919 1358 subscriptum
1954 1311 2087 1345 Clerum

233 1380 264 1409 et
294 1376 447 1421 populum
473 1375 654 1410 Cenobium
677 1381 708 1410 et
728 1376 880 1421 Triginta
909 1376 1116 1422 parochiales
1136 1375 1309 1410 Ecclesias
1340 1387 1412 1409 cum
1443 1377 1612 1409 universis
1642 1384 1755 1407 eorum
1786 1372 1912 1406 iuribus
1942 1377 1974 1405 et
2002 1382 2086 1418 per—

232 1439 376 1469 tinentiis
405 1439 436 1470 in
468 1436 596 1471 duobus
626 1436 823 1483 subscriptis
855 1436 1078 1471 Decanatibus
1110 1434 1416 1471 Archidiaconatus
1448 1435 1643 1469 Olomucen.
1675 1433 1761 1467 dicte
1792 1433 1987 1467 Olomucen.
2010 1432 2087 1466 dio-

232 1499 320 1530 cesis
351 1500 547 1532 constitutas
578 1501 715 1532 situatas
745 1503 776 1531 et
806 1501 885 1532 sitas
915 1498 1056 1533 limitare
1086 1500 1303 1543 incorporare
1333 1500 1364 1531 in
1393 1501 1588 1543 perpetuum
1618 1495 1796 1541 dignemini
1818 1499 1850 1528 et
1871 1496 1965 1527 unire
1985 1493 2087 1527 vide-

232 1557 306 1590 licet
336 1560 367 1591 in
398 1557 574 1592 Decanatn
605 1558 868 1604 Scliomhergen.
901 1558 976 1592 dicti
1007 1558 1311 1592 Archidiaconatus
1342 1556 1538 1591 Olomucen.
1570 1555 1752 1590 Cenobium
1789 1554 1924 1588 fratrum
1962 1553 2087 1587 ordinis

232 1621 338 1651 sancti
369 1617 539 1652 Benedicti
570 1619 657 1664 quod
685 1619 870 1664 vulgariter
905 1619 1021 1653 dicitur
1050 1618 1292 1652 Claustrellum.
1350 1617 1432 1651 Item
1461 1616 1658 1651 Ludwivilla
1698 1615 1850 1649 Detznitz
1881 1613 2086 1648 Schonwald

233 1677 367 1712 zotkitel
406 1679 589 1725 Altuslapis
626 1680 817 1713 Adoltivilla
857 1679 1067 1713 Schiltberch
1103 1679 1364 1725 Scriptorisvssla
1405 1677 1580 1712 Odendorf
1615 1677 1816 1710 Altacivitas
1857 1674 2087 1709 ferrensmons

231 1737 428 1772 Jacobivilla
467 1738 582 1773 Nicols
621 1739 832 1774 Martinivilla
873 1739 1097 1774 Goldenscam
1135 1740 1317 1785 Antiquum
1348 1738 1477 1773 Goldek
1508 1737 1747 1772 Richardivilla
1777 1736 1960 1770 Utricivilla
1990 1735 2088 1770 Mar-

232 1798 441 1832 chionisvilla
473 1798 665 1834 Sobetinna.
722 1799 802 1833 Item
833 1802 863 1834 in
894 1800 1067 1835 Decanatu
1097 1800 1300 1834 Hussomen.
1333 1798 1568 1833 ssladavisvilla
1598 1798 1822 1844 Reymarseat
1851 1795 2092 1830 Reschendorf

232 1857 361 1892 Moraw
391 1857 522 1892 Novum
553 1858 706 1893 Cechaus
737 1859 945 1894 Albertivilla
976 1860 1196 1907 Tylonisvilla
1224 1861 1390 1906 lompnitz.
1423 1859 1541 1893 Datum
1569 1857 1726 1892 Luehom.
1748 1860 1858 1903 quinta
1880 1856 1931 1890 die
1961 1858 2087 1890 mensis

229 1918 385 1953 februarii
416 1919 516 1952 Anno
546 1918 737 1954 Nativitatis
767 1920 941 1955 Dominice
971 1922 1146 1956 millesimo
1178 1924 1413 1956 trecentesimo
1443 1921 1731 1965 quinquagesimo.
1788 1917 1875 1952 Nulli
1909 1927 1992 1962 ergo
2021 1921 2085 1951 etc.

231 1983 344 2013 nostre
373 1979 566 2021 voluntatis„
597 1980 784 2024 divisionis,
814 1984 1048 2027 separationis,
1079 1984 1313 2028 exemptionis,
1344 1980 1563 2019 liberationis„
1594 1981 1846 2024 assignationisff
1885 1980 2087 2023 incorpora-

233 2042 342 2082 tionis„
372 2042 517 2082 unionis.
548 2043 767 2075 summitionis
797 2046 829 2075 et
857 2045 1104 2077 constitutionis
1134 2042 1316 2088 infringere
1345 2046 1410 2076 etc.
1446 2041 1565 2074 Datum
1595 2040 1766 2074 Avinione
1795 2038 1823 2072 ΙΙ
1852 2037 1929 2072 Idus
1960 2038 2085 2083 Aprilis

232 2100 331 2133 Anno
362 2099 468 2134 Nono.

543 2179 614 2213 (Ans
646 2180 699 2206 den
732 2180 810 2216 Orig.
841 2181 986 2216 Regesten
1018 2182 1151 2208 Clemens
1181 2182 1229 2209 Vl.
1261 2181 1305 2208 bis
1335 2182 1362 2208 3.
1393 2189 1460 2214 pars
1492 2181 1519 2207 2.
1555 2181 1639 2214 epist.
1675 2180 1742 2205 ⁶371.
1774 2187 1840 2213 pag.
1875 2177 1947 2206 149:
1987 2176 2085 2203 vidim.

644 2232 793 2259 Absehrift
817 2233 853 2258 im
879 2234 967 2262 miilir.
992 2234 1254 2267 Landesarehive.)
