2206 2735
1018 39 1086 71 too

995 201 1101 236 ⁴2⁰2.

174 291 215 324 Κ.
247 289 336 323 Κανὶ
365 288 424 322 11³.
455 290 568 322 ηίηιηιι
597 289 659 322 den
690 288 965 322 venetianis-elien
996 287 1120 322 Nobile
1149 288 1286 322 Marino
1325 288 1492 322 Ploaletro
1528 290 1563 323 in
1599 290 1653 323 die
1683 289 1777 323 Zalal
1810 291 1926 323 seiner

543 349 719 393 yelwimen
750 349 865 383 Imilce
893 350 962 392 aas.
1010 349 1068 382 De.
1099 349 1193 394 l'ray
1222 349 1283 385 30.
1313 349 1413 383 Mdrz·
1445 349 1553 384 1353.

279 425 448 478 karolus
479 444 539 478 Dei
571 444 692 478 Gracia
723 444 948 477 Romanorum
979 444 1054 478 Rex
1084 455 1218 490 semper
1247 444 1421 489 Augustus
1443 448 1476 478 et
1496 443 1632 478 Boomie
1652 444 1740 480 Rex.
1771 443 1879 479 Nobili
1900 444 1978 479 Ma—

123 509 194 539 rino
227 505 379 538 l'baletro
409 505 450 538 de
480 505 639 538 Yeneciis
670 504 786 538 Coniiti
817 504 921 538 Vallis
950 503 1076 538 Mareni
1106 509 1219 538 nostro
1248 509 1279 538 et
1309 506 1397 539 sacri
1426 503 1567 538 Romani
1589 503 1720 551 Imperii
1745 504 1830 539 fideli
1856 505 1978 540 dilecto

123 569 265 610 gratiam
296 566 435 610 Regiani
466 571 496 599 et
525 576 624 599 onine
653 564 786 598 bonum.
831 565 1031 611 Sceptigcre
1061 565 1206 598 Cesaree
1235 564 1404 609 dignitatis
1434 564 1620 599 sublimitas
1650 567 1733 600 sicut
1763 565 1978 601 inferioribus

123 625 339 673 potestatibus
369 626 469 660 oflicii
499 631 529 659 et
559 627 763 659 auctoritatis
794 625 937 658 elatione
966 625 1133 670 prefertur
1162 629 1196 658 ut
1224 628 1422 659 commissos
1452 624 1512 659 sibi
1541 624 1656 659 fideles
1680 630 1790 672 optate
1813 626 1979 671 gubernet

122 688 370 721 consolacionis
407 687 551 733 presidio
587 685 672 731 quod
711 685 849 719 thronus
881 686 1008 730 Regius
1047 690 1136 719 tanto
1172 685 1330 720 solidetur
1365 685 1494 720 felicius
1524 690 1556 719 et
1585 684 1728 720 uberiori
1757 691 1978 733 prosperitate

122 748 282 795 proficiat.
314 753 435 792 quanto
465 747 686 780 indeficientis
717 758 776 780 sue
806 749 936 780 virtutis
966 745 1103 780 donaria
1133 746 1267 791 largiori
1297 745 1512 791 benignitatis
1543 757 1679 780 munere
1700 746 1820 780 fuderit
1840 750 1872 781 in
1893 747 1978 782 sub-

124 813 240 842 iectos.
273 809 328 841 Sic
358 820 374 841 a
405 810 596 841 coruscanti
626 807 804 853 splendore
835 807 973 852 Regalis
1003 807 1075 840 solii
1105 806 1295 840 nobilitates
1325 807 1388 841 alie
1417 807 1514 841 velud
1541 819 1558 841 a
1578 807 1649 841 sole
1673 807 1755 841 radii
1776 807 1977 852 prodeuntes

123 870 266 903 fidelium
298 874 401 903 status
432 874 463 902 et
493 869 709 902 condiciones
741 868 905 902 illustrant
934 867 1018 913 quod
1049 870 1153 914 prime
1187 868 1269 901 lucis
1300 871 1476 913 integritas
1506 870 1659 902 minorati
1698 868 1829 903 luminis
1869 868 1977 903 detri-

123 935 233 963 menta
274 941 335 963 non
377 932 497 975 patitur
531 940 644 975 ymmo
680 929 848 974 amplioris
879 932 990 973 utique
1020 929 1228 962 scintillantis
1259 928 1380 963 iubaris
1410 933 1589 975 expectato
1623 929 1744 963 decore
1773 929 1980 975 perfunditur

123 991 197 1024 duni
235 994 263 1024 in
301 993 439 1023 circuitu
477 990 566 1023 sedis
596 990 750 1033 Auguste
787 989 913 1023 famosa
944 989 1064 1022 Milicia
1101 993 1133 1023 ct
1161 988 1324 1023 Nobilium
1362 990 1591 1035 amplectenda
1622 993 1807 1036 proceritas
1837 990 1979 1024 feliciter

123 1052 316 1088 adaugetur.
362 1051 451 1084 Sane
480 1051 669 1096 multiplicia
700 1053 855 1085 virtutum
885 1053 1028 1095 insignia
1057 1052 1376 1095 circumspeccionis
1405 1050 1600 1085 industriam
1631 1055 1664 1084 et
1692 1054 1877 1085 constantis
1907 1051 1981 1085 fidei

123 1116 294 1158 puritatem
326 1112 443 1157 quibus
473 1116 503 1145 tu
535 1123 596 1145 una
627 1123 700 1145 cum
739 1111 846 1145 felicis
877 1114 1034 1145 memorie
1063 1110 1332 1156 progenitoribus
1363 1113 1426 1145 tuis
1456 1114 1544 1145 sacri
1574 1111 1715 1145 Romani
1736 1111 1867 1158 Imperii
1898 1122 1981 1158 pro-

123 1173 277 1206 curandis
316 1172 496 1206 bonoribus
535 1172 674 1206 fideliter
711 1172 872 1206 insudasti
902 1172 1011 1217 Regie
1050 1171 1298 1206 deliberationis
1326 1171 1471 1217 benigna
1500 1173 1678 1206 clementia
1707 1175 1895 1217 graciosius
1925 1175 1980 1206 in-

124 1239 255 1267 tuentes
287 1239 317 1267 te
349 1237 431 1267 sicut
462 1237 573 1267 nativa
605 1238 659 1266 tue
689 1236 883 1279 propaginis
913 1236 1049 1278 requirit
1078 1232 1230 1266 condicio
1261 1237 1292 1266 et
1317 1235 1506 1267 meritorum
1528 1232 1701 1267 laudabilis
1722 1233 1808 1267 fama
1829 1233 1981 1279 deposcit

124 1298 153 1328 in
185 1297 359 1340 presencia
399 1299 428 1328 ct
467 1299 650 1340 conspectu
690 1294 821 1340 publico
851 1294 1066 1328 Screnissiini
1098 1293 1258 1339 Principis
1294 1293 1422 1327 Domini
1459 1293 1631 1328 Ludewici
1666 1293 1772 1339 Regis
1808 1293 1981 1338 Hungarie

124 1355 298 1389 illustrium
338 1367 467 1401 quoque
506 1355 634 1388 Rudolti
672 1356 822 1388 Saxonie
861 1357 945 1388 sacri
986 1354 1115 1400 [inperii
1156 1354 1450 1389 Archimarescalli
1482 1354 1608 1388 Alberti
1638 1355 1776 1389 Austrie
1807 1355 1920 1401 Styrie
1949 1359 1981 1389 ct

124 1416 294 1450 Karintbie
323 1416 500 1449 Wladislai
531 1415 771 1450 Gcsctunensis
810 1416 929 1449 ducum
969 1428 1007 1449 ac
1045 1416 1180 1449 aliorum
1213 1415 1410 1461 Principum„
1446 1416 1608 1449 Comitum
1641 1415 1805 1449 Raronum
1837 1420 1868 1449 et
1896 1427 1981 1462 pro—

124 1488 236 1510 cerum
274 1482 336 1510 tam
368 1476 475 1521 Regni
509 1476 695 1510 Alamanici
732 1487 827 1522 quain
860 1476 996 1509 Boeinie
1033 1481 1222 1510 nostrorum
1261 1476 1415 1519 fidelium,
1452 1481 1567 1521 quarta
1604 1476 1732 1510 decima
1772 1476 1824 1510 die
1852 1476 1980 1511 Mensis

124 1536 238 1570 Marcii
277 1541 306 1570 in
345 1538 463 1571 (fastro
501 1537 618 1583 prefati
654 1536 758 1570 Ducis
795 1537 930 1571 Austrie
966 1537 1119 1571 avunculi
1159 1540 1260 1570 nostri
1299 1540 1460 1571 carissimi
1499 1540 1530 1571 iu
1562 1537 1696 1582 Capella
1734 1539 1835 1583 ipsius
1870 1539 1980 1571 animo

125 1598 306 1631 deliberato
336 1604 365 1631 ct
397 1597 661 1643 supradictorum
684 1597 871 1643 Principum
901 1598 1086 1631 accedente
1114 1598 1264 1639 consilio„
1295 1599 1407 1632 militia
1429 1598 1664 1632 decoravimus
1685 1609 1724 1631 ac
1745 1601 1980 1641 insignivimus

125 1664 155 1692 et
186 1662 306 1692 virtute
336 1661 544 1703 presencium
574 1661 767 1692 auctoritate
797 1663 829 1691 et
857 1662 1024 1704 potestate
1054 1658 1204 1692 Romana
1226 1659 1332 1703 Regia
1354 1659 1554 1693 decoramus
1583 1659 1635 1692 Ac
1656 1659 1786 1693 demum
1808 1661 1838 1692 in
1861 1658 1980 1693 Castro

125 1724 240 1753 nostro
281 1719 438 1756 t'ragensi
476 1724 506 1753 et
542 1722 571 1752 in
602 1719 721 1763 Regali
761 1724 874 1752 nostra
905 1720 1043 1753 Camera
1084 1724 1209 1753 matura
1250 1718 1498 1753 deliberacione
1537 1723 1650 1765 previa
1691 1719 1730 1753 ad
1767 1725 1822 1753 tue
1850 1721 1979 1753 virtutis

126 1783 240 1813 merita
272 1780 377 1823 Regio
413 1780 699 1813 consideracionis
734 1781 864 1814 oculum
903 1783 1097 1813 acciu-acius
1127 1780 1321 1824 dirigentesq
1362 1780 1410 1813 Te
1439 1783 1469 1813 in
1500 1780 1721 1813 consiliarium
1752 1780 1979 1814 Secretarium

127 1841 319 1875 t'aniiliarcm
351 1840 580 1874 Comensalein
611 1840 828 1874 domesticum
859 1840 1026 1874 Vicesiiua
1058 1844 1196 1886 septima
1226 1841 1279 1874 die
1307 1841 1433 1875 Mensis
1464 1841 1613 1874 ciusdem
1650 1840 1884 1875 assumendum
1915 1840 1980 1873 du-

125 1905 234 1935 ximus
266 1906 363 1946 teque
394 1901 662 1935 Consiliarioruin
692 1906 725 1934 et
753 1901 961 1935 familiarium
992 1903 1090 1935 Curio
1120 1907 1235 1935 nostre
1266 1901 1402 1945 Regalis
1432 1905 1519 1935 cetui
1549 1906 1580 1935 et
1609 1912 1747 1935 nmnero
1767 1901 1979 1947 presentibus

127 1973 363 2006 aggregamus.
414 1961 641 1995 Decernentcs
676 1966 707 1995 et
736 1961 845 2006 Regio
873 1967 1058 1996 statuentes
1095 1962 1214 2000 edictoq
1245 1963 1332 2007 quod
1363 1967 1393 1996 tu
1423 1962 1576 1997 omnibus
1607 1962 1811 2007 Privilegiis,
1850 1961 1979 1995 Graciis

126 2022 331 2057 libertatibus
362 2022 553 2065 bonoribus„
584 2022 830 2060 eiiiiiiiitatiliiis
864 2022 999 2057 Jnribus
1029 2028 1061 2056 et
1091 2022 1262 2057 favoribus
1293 2023 1490 2068 ubicumque
1521 2023 1668 2057 locorum
1697 2025 1799 2056 utaris
1828 2026 1860 2055 et
1888 2034 1979 2066 gau-

128 2084 208 2118 deas·
245 2084 360 2129 quibus
396 2086 499 2116 ceteri
538 2085 667 2123 milites5
704 2095 785 2129 quos
822 2084 981 2117 Cesaram
1013 2085 1166 2128 Augusta
1200 2084 1356 2118 Potencia
1391 2085 1553 2127 militavit,
1586 2084 1624 2117 Et
1653 2083 1837 2117 Consiliarii
1877 2086 1981 2117 nostri

130 2147 299 2179 secretarii
330 2149 360 2178 et
389 2144 598 2177 comensales
628 2145 797 2178 domestici
829 2144 988 2178 hactenns
1025 2144 1097 2178 freti
1128 2149 1204 2179 suut
1232 2149 1264 2178 et
1293 2148 1451 2178 continue
1480 2148 1666 2191 pociuntur.
1723 2143 1921 2178 Mandantes
1951 2148 1983 2178 et

128 2209 340 2249 iniungentes
374 2208 560 2251 supprcmis
598 2206 798 2239 Cainerariis
835 2205 1022 2249 Magi-istris
1053 2204 1151 2239 Curie
1180 2205 1388 2239 Marescallis
1418 2205 1586 2250 Magistris
1621 2207 1853 2250 pincernarum
1884 2205 1982 2250 dapi-

129 2268 235 2300 ferum
267 2270 298 2299 et
329 2268 451 2299 ceteris
481 2264 676 2299 officialibus
706 2277 744 2299 ac
773 2265 1055 2299 Viceofficialibus
1086 2266 1223 2311 Regalis
1253 2266 1352 2300 Curio
1380 2269 1434 2311 qui
1464 2276 1523 2312 pro
1553 2270 1701 2311 tempore
1731 2265 1862 2307 fuerint„
1893 2265 1980 2299 fide—

130 2327 212 2361 libus
243 2329 363 2360 nostris
395 2326 529 2359 firmiter
558 2331 587 2359 et
619 2326 779 2364 districte„
815 2326 985 2368 Quatenus
1015 2332 1045 2360 te
1076 2332 1105 2360 et
1136 2326 1315 2361 familiares
1352 2332 1425 2360 tuos
1455 2329 1544 2360 iuxta
1574 2326 1768 2359 decenciani
1799 2329 1842 2359 tui
1873 2330 1979 2360 status

130 2388 204 2421 duni
235 2391 264 2420 et
294 2390 446 2432 quotiens
476 2386 637 2431 Regalem
667 2386 798 2420 Curiam
828 2390 1004 2431 ingressus
1033 2386 1146 2424 fueris*
1183 2387 1396 2422 tractabiliter
1426 2391 1458 2420 et
1487 2386 1632 2431 benigne
1668 2389 1829 2432 recipiant
1859 2386 1980 2432 tibique

131 2452 161 2481 et
193 2452 244 2481 tue
275 2448 395 2481 familie
425 2447 465 2480 de
493 2450 662 2481 consuetis
692 2452 806 2480 nostre
837 2447 933 2481 Curie
963 2447 1096 2481 Juribus
1126 2450 1156 2480 in
1188 2450 1346 2493 expensis
1376 2447 1671 2481 administracione
1700 2446 1810 2493 pabuli
1839 2458 1878 2480 ac
1907 2447 1978 2480 aliis

129 2512 334 2542 necessariis
371 2509 466 2553 plcnc
500 2512 530 2541 et
564 2508 686 2553 absque
722 2510 808 2541 omni
849 2508 1039 2542 difficultate
1075 2509 1273 2554 provideant
1307 2508 1458 2552 quamdiu
1498 2511 1529 2541 in
1566 2507 1693 2553 prefata
1732 2512 1842 2541 nostra
1883 2507 1979 2541 Curia
