2206 2735
1052 54 1127 88 ⁴228

1039 219 1148 255 2253.

160 309 333 354 l'crylae’irlo
366 308 537 342 serim-hen
567 308 637 341 dem
670 307 782 341 Hatlee
813 308 880 340 und
909 308 980 341 dem
1023 307 1170 350 Psarrer
1199 318 1238 339 z-tt
1269 306 1305 340 S.
1339 305 1508 340 Nilwlans
1536 309 1569 340 in
1600 306 1719 340 Ztmim
1753 305 1931 350 beziiylr'ch
1960 306 2019 340 des

535 377 780 411 Scleulrelftors
810 377 973 411 ‹ias-elmi.
1008 376 1063 410 Dt.
1100 376 1221 409 Ztme‘m
1252 375 1287 408 Ω.
1320 374 1510 408 Dezember
1541 375 1649 409 1354.

334 446 378 499 ¹n
410 468 542 499 nomine
571 464 692 498 domini
722 475 830 498 amen.
890 464 958 498 Nos
988 464 1158 498 Fridricus
1188 465 1380 509 prepositus
1410 462 1556 495 ecclesie
1585 462 1615 495 b.
1646 461 1754 497 Marie
1775 465 1807 496 in
1828 462 2016 497 Wll'ranis—

152 527 291 560 kirchen
325 556 330 560 .
361 526 533 560 Joliannes
564 529 750 571 prepositus
782 528 812 559 iu
844 530 954 559 monte
984 536 1010 558 s.
1043 524 1159 570 Ypoliti
1189 523 1316 557 ordinis
1347 522 1586 556 cruciferorum
1621 534 1694 557 cuni
1732 523 1826 557 stella
1858 550 1864 556 .
1897 523 2015 557 Petrus

154 587 281 622 lleclito
311 588 352 621 de
390 587 530 621 Rossicz
568 591 752 620 castrorum
798 585 885 620 Fren
939 591 969 619 et
1014 584 1205 618 Vreinstein
1249 594 1396 618 summus
1438 585 1662 629 purggrauius
1704 587 1738 617 et
1777 583 1913 618 discreti
1956 587 2017 618 viri

153 650 274 683 domini
305 648 474 695 Nycolaus
506 652 535 681 in
568 647 695 680 Yrbaw
723 646 1074 692 vicearcliidyaconus
1117 645 1352 691 Znoymensis.
1396 642 1536 677 Matliias
1572 647 1604 677 in
1633 642 1747 677 Vricz.
1777 643 1950 679 Jobannes
1980 648 2014 679 in

154 710 305 743 Wnnaw
337 738 341 742 .
375 709 489 743 l'etrus
521 711 549 741 in
582 707 822 742 Scliestradicz
852 708 1071 741 ecclesiarum
1102 705 1231 751 plebani
1271 704 1383 740 arbitri
1422 716 1480 738 seu
1512 703 1726 738 arbitratores
1761 708 1793 738 et
1823 705 2016 740 amicabiles

153 774 396 817 compositores
440 781 542 815 super
583 772 707 803 causis.
752 768 862 802 litibus
905 772 935 801 et
979 769 1230 808 controversiis,
1275 777 1338 811 que
1381 765 1600 799 vertebantur
1628 768 1715 799 inter
1742 765 1956 800 honorabiles
1985 771 2016 800 et

157 831 317 865 discretos
346 834 437 864 viros
468 830 633 864 dominum
661 829 850 863 Jobanneni
889 830 1079 862 monasterii
1118 826 1281 861 Lucensis
1319 836 1422 872 prope
1459 825 1644 872 Znoymani
1679 825 1841 872 dyocesis
1871 825 2016 861 Olomu-

156 895 266 926 censis
295 892 419 925 ordinis
449 893 764 937 premonstratensis
795 889 980 935 professum
1012 887 1185 933 plebanum
1216 887 1363 922 ecclesie
1399 898 1426 920 s.
1466 885 1596 920 Nicolai
1633 889 1664 920 in
1694 885 1846 933 Znoyma
1877 898 1921 921 ex
1950 898 2016 921 vna

157 958 189 988 et
214 955 359 998 jndicem
389 957 419 986 et
446 954 576 995 juratos
605 963 678 985 cum
708 956 774 985 tota
819 953 1054 984 eomnmnitate
1096 951 1239 983 ciuitatis
1276 948 1406 994 prefate
1441 951 1537 993 parte
1574 958 1618 980 ex
1655 947 1772 990 altera,
1813 947 2016 982 Reuerendo

157 1018 229 1048 viro
259 1014 390 1048 domino
420 1012 566 1047 Henrieo
597 1012 714 1046 abbate
751 1014 945 1046 monasterii
981 1010 1144 1044 Lucensis
1184 1009 1308 1043 ordinis
1347 1010 1664 1055 premonstratensis
1698 1010 1749 1042 ius
1787 1019 1893 1044 suum.
1929 1007 2015 1053 quod

159 1075 218 1109 sibi
249 1079 278 1108 in
310 1074 370 1107 liae
400 1084 500 1107 causa
532 1077 724 1118 competere
754 1071 932 1105 videbatui·
961 1071 1000 1105 ad
1030 1082 1146 1104 manus
1176 1073 1278 1115 ipsius
1307 1069 1429 1103 domini
1459 1068 1591 1114 plebani
1616 1079 1641 1102 s.
1664 1067 1794 1103 Nicolai
1815 1072 1847 1103 in
1867 1068 2017 1115 Znoyma

157 1147 268 1169 ruram
299 1134 392 1169 nobis
422 1137 511 1180 prius
543 1137 572 1167 111
603 1138 714 1167 castro
761 1132 968 1178 Znoymensi
1012 1137 1139 1165 maturo
1182 1130 1322 1164 consilio
1365 1129 1536 1175 prehabito
1564 1128 1669 1163 libere
1696 1132 1893 1174 resignante
1921 1133 2019 1176 prout

156 1196 305 1241 predicte
335 1200 447 1241 partes
478 1194 571 1228 nobis
602 1205 680 1227 suos
709 1194 868 1226 articulos
899 1195 1125 1237 assignarunt.
1155 1194 1464 1237 compromittentes
1493 1193 1525 1224 111
1555 1200 1616 1224 1105
1646 1189 1687 1223 (10
1716 1190 1782 1224 alto
1803 1194 1837 1224 et
1857 1190 1898 1224 de
1917 1189 2018 1224 basso

157 1257 281 1290 ordinis
312 1259 389 1289 iuris
420 1259 554 1288 seruato
585 1255 636 1288 uel
666 1265 731 1287 uon
762 1258 911 1287 seruato.
943 1256 1202 1287 renuncciantes
1232 1263 1398 1298 expresse
1418 1254 1505 1285 omni
1527 1254 1587 1285 iuri
1616 1254 1738 1285 actioni
1761 1262 1821 1286 seu
1841 1254 2017 1298 questioni.

158 1318 243 1363 quod
274 1322 304 1352 et
334 1328 396 1362 que
427 1317 583 1362 predictis
614 1316 758 1360 parthus
789 1318 904 1347 contra
934 1313 1069 1347 alteram
1101 1313 1324 1359 predictarum
1364 1312 1538 1357 suffragari
1576 1323 1707 1358 quoque
1737 1312 1835 1346 modo
1864 1316 2017 1358 possent.

159 1382 368 1412 assumentes
401 1377 495 1411 nobis
525 1380 631 1422 ipsum
675 1386 758 1409 onus
801 1375 991 1409 arbitrandi.
1035 1374 1269 1420 componendie
1312 1373 1465 1408 laudandi
1508 1383 1568 1406 seu
1605 1375 1703 1406 etiam
1746 1372 1938 1407 diffiniendi.
1977 1373 2015 1406 ad

160 1450 312 1483 magnam
344 1441 539 1484 peticionem
570 1441 601 1471 et
630 1439 827 1471 instanciam
859 1439 1004 1482 parcium
1035 1436 1270 1481 predictarum.
1302 1434 1391 1468 Visis
1421 1433 1584 1479 siquidem
1613 1437 1644 1467 et
1664 1433 1839 1467 intellectis
1867 1433 2015 1467 articulis

161 1504 305 1546 parcium
336 1504 368 1532 ut
398 1499 578 1544 predicitur
607 1502 793 1532 invenimus
823 1497 981 1543 quosdam
1011 1496 1170 1530 articulos
1200 1495 1283 1529 adeo
1313 1495 1429 1528 faciles
1459 1498 1558 1540 atque
1586 1494 1691 1536 leues,
1722 1493 1807 1540 quod
1829 1504 1895 1527 non
1916 1494 2016 1527 vide—

161 1562 255 1594 batur
284 1572 424 1594 necesse
454 1560 548 1593 uobis
579 1563 724 1605 ipsorum
755 1560 1095 1604 proimncciaciouem
1126 1560 1157 1590 111
1186 1561 1377 1602 presentem
1408 1555 1515 1599 redigi
1544 1554 1696 1597 formam,
1728 1554 1796 1588 Sed
1833 1554 2017 1588 secundum

160 1626 277 1655 nature
307 1626 337 1654 et
366 1624 498 1665 negocii
527 1622 714 1666 qualitatem
750 1623 895 1666 ipsorum
936 1618 1104 1651 decretum
1141 1621 1172 1650 et
1209 1620 1329 1651 seriem
1369 1617 1542 1650 maluimus
1579 1626 1638 1661 per
1673 1615 1801 1649 claram
1838 1614 2016 1649 verborum

162 1686 495 1728 pronuncciacumem
524 1686 619 1727 prout
650 1680 745 1714 nobis
776 1680 951 1713 videbatur
980 1682 1171 1724 exprimere
1202 1689 1261 1711 seu
1291 1680 1395 1711 eciam
1425 1676 1589 1710 arbitrari.
1612 1675 1662 1709 De
1691 1675 1763 1709 aliis
1793 1679 1902 1709 autem
1932 1678 2019 1709 arti—

160 1743 242 1776 culis
272 1746 303 1775 in
333 1742 449 1787 quibus
479 1753 620 1776 necesse
651 1745 721 1775 erat
751 1746 812 1774 tam
845 1740 972 1773 ciuibus
1002 1738 1202 1785 supradictis
1232 1743 1264 1772 et
1293 1741 1437 1784 ipsorum
1468 1740 1593 1771 ciuitati
1619 1747 1716 1782 quam
1745 1738 1852 1770 eciam
1873 1736 2019 1770 ecclesie

162 1816 187 1836 s.
220 1802 349 1837 Nicolai
379 1803 525 1848 predicte
556 1806 587 1836 111
616 1806 761 1848 ipsorum
791 1801 916 1835 iuribus
947 1800 1125 1846 prouideri.
1157 1799 1367 1833 deci-enimus
1395 1798 1477 1832 tales
1506 1797 1664 1831 articulos
1694 1799 1910 1843 presencium
1940 1797 2018 1830 lite-

161 1875 271 1897 rarum
300 1867 497 1909 compagine
527 1864 657 1897 dill'iniri
694 1862 752 1896 51111
790 1873 875 1908 pena
915 1860 1114 1906 subscripta,
1153 1871 1249 1905 quam
1278 1862 1362 1905 parti
1392 1869 1457 1892 11011
1486 1861 1632 1892 seruanti
1669 1862 1822 1892 nostrum
1851 1856 2018 1891 arbitrium

161 1927 232 1958 siue
262 1924 393 1957 laudum
424 1925 576 1957 duximus
606 1924 835 1967 infligendam.
866 1921 935 1955 Nos
965 1932 1047 1954 vero
1077 1925 1204 1954 maturo
1234 1920 1374 1953 consilio
1405 1918 1576 1964 prehabito
1604 1929 1671 1952 non
1699 1929 1761 1964 per
1789 1928 1938 1951 errorem
1960 1917 2017 1951 sed

154 1996 198 2018 ex
229 1990 319 2018 certa
350 1987 494 2018 sciencia
517 1985 624 2017 taliter
653 1984 704 2017 dei
734 1986 871 2017 nomine
902 1986 1055 2015 inuocato
1090 1982 1310 2024 declaramus,
1332 1980 1536 2023 ordinamus,
1567 1978 1758 2021 diffinimus,
1788 1978 1958 2012 laudamus
1987 1982 2020 2011 et

158 2047 402 2079 sentenciando
433 2048 723 2090 pronuncciamus.
756 2044 807 2077 Ad
840 2043 1012 2077 articulum
1041 2042 1097 2075 vbi
1126 2043 1277 2075 dominus
1307 2041 1466 2087 plebanus
1502 2043 1604 2074 mouit
1631 2041 1806 2073 accionem
1836 2038 1876 2072 de
1906 2042 2018 2072 testa-

160 2110 278 2140 mentis
310 2106 347 2139 ad
377 2117 441 2151 que
472 2117 536 2139 non
567 2110 655 2139 esset
685 2110 829 2139 vocatus
862 2104 1033 2149 hucusque
1063 2103 1122 2137 sed
1152 2106 1224 2149 ipsa
1254 2105 1453 2135 testamenta
1482 2100 1625 2134 fuissent
1645 2098 1868 2134 mediantibus
1888 2098 2018 2133 ciuibus

160 2169 319 2213 disposita
349 2172 379 2200 et
416 2169 619 2212 conscripta.
660 2165 850 2199 diffiniendo
889 2165 1040 2207 clicimus‚
1072 2164 1166 2205 Quod
1210 2162 1475 2209 quandocunque
1504 2165 1536 2195 et
1564 2160 1754 2205 vbicunque
1785 2158 1905 2204 aliquid
1933 2161 2018 2193 intra

162 2229 282 2261 dictam
312 2227 521 2273 parrochiani
552 2230 611 2273 ipsi
643 2226 774 2259 domino
804 2225 945 2271 plebano
976 2226 1027 2259 uel
1057 2228 1127 2258 eius
1158 2222 1414 2258 successoribus
1444 2226 1499 2256 aut
1527 2224 1632 2255 eciam
1662 2220 1806 2253 ecclesie
1837 2232 1864 2254 s.
1891 2219 2020 2254 Nicolai

165 2293 193 2322 iu
225 2289 373 2333 Znoyma
405 2291 435 2321 in
465 2292 663 2321 testamento
693 2287 830 2329 legatur.
863 2287 900 2319 ad
933 2286 1029 2319 talem
1066 2286 1325 2331 disposicionem
1365 2284 1515 2316 dominus
1549 2280 1721 2328 plebanus.
1760 2283 1815 2326 qui
1843 2291 1902 2327 pro
1930 2285 2017 2314 tem—

165 2361 245 2395 pore
274 2349 371 2383 fuerit
403 2350 452 2382 ue!
482 2352 552 2382 eius
583 2350 727 2381 vicarius
771 2350 886 2380 vocari
931 2346 1074 2379 debebit.
1120 2346 1155 2379 Si
1197 2349 1304 2378 autem
1350 2343 1422 2376 tilia
1466 2342 1582 2376 tierent
1620 2346 1832 2384 testamenta„
1862 2352 1926 2387 que
1955 2351 2018 2375 nec

166 2411 339 2455 plebanum
370 2421 431 2442 nec
462 2409 640 2442 ecclesiam
670 2411 887 2453 respicerent.
919 2407 959 2440 ad
989 2407 1049 2440 1100
1081 2417 1142 2439 1100
1172 2405 1336 2439 domiuum
1367 2403 1554 2450 plebanum.
1585 2405 1638 2448 qui
1660 2413 1717 2448 pro
1738 2407 1888 2448 tempore
1909 2401 2017 2435 fuerit.

165 2482 226 2503 nec
258 2473 443 2516 quempiam
474 2481 533 2503 suo
563 2472 695 2503 nomine
726 2473 774 2501 est
806 2479 948 2501 necesse
978 2470 1104 2501 vocari.
1134 2466 1186 2500 Ad
1217 2467 1314 2499 alium
1344 2464 1528 2504 articulum,
1561 2461 1616 2495 vbi
1644 2467 1804 2496 causatur
1827 2461 1868 2495 de
1887 2464 2017 2495 vitrico.

166 2532 302 2564 elicimus
346 2534 406 2564 sic.
450 2530 544 2572 Quod
583 2533 674 2563 ciues
708 2529 748 2562 de
784 2529 921 2562 consilio
951 2528 1073 2561 domini
1103 2525 1233 2572 plebani
1264 2524 1384 2558 debent
1421 2523 1546 2568 eligere
1574 2525 1727 2557 vitricum
1759 2526 2018 2568 competentem,
