2206 2735
1118 66 1165 102 77

217 188 251 218 et
278 183 422 218 Rzissud
452 194 549 229 quam
579 182 685 216 dictus
715 180 867 214 dominus
895 179 1082 226 Episcopus
1112 177 1308 213 Olomucen.
1339 189 1400 224 pro
1429 181 1570 224 pecunia
1609 178 1685 212 dicti
1715 178 1903 212 Testatoris
1938 181 2015 211 emit
2043 182 2075 212 et

217 255 279 292 pro
308 244 425 278 eodem
454 243 660 278 Monasterio
696 244 904 287 comparavit
938 250 998 286 pro
1036 239 1279 274 sustentatione
1316 242 1350 272 et
1384 250 1447 273 usu
1482 249 1522 272 ac
1560 238 1600 271 ad
1639 250 1722 285 opus
1752 238 1915 273 dictarum
1945 238 2076 272 scilicet

219 304 402 340 Abbatisse
431 309 463 339 et
489 303 682 338 Monialium
713 313 786 336 cum
816 301 967 335 omnibus
995 302 1201 346 pertinentiis
1230 300 1421 333 earumdem
1451 303 1634 332 memorato
1655 298 1861 333 Monasterio
1890 302 1962 333 iure
1989 309 2075 345 pro-

216 368 367 412 prietatis
395 376 456 411 per
482 367 593 410 ipsum
622 363 862 397 Monasterium
889 363 1060 408 perpetuis
1089 359 1292 406 temporibus
1320 359 1542 406 possidendas
1572 361 1649 392 vice
1678 363 1711 393 et
1739 362 1874 393 nomine
1903 359 1981 393 dicti
2001 359 2075 394 Te-

218 429 353 462 statoris
390 424 521 459 tradidit
557 424 696 458 contulit
732 423 869 457 donavit
895 424 1089 468 procuravit
1121 424 1219 454 etiam
1249 422 1355 455 dictus
1385 421 1537 454 dominus
1566 419 1759 466 Episcopus
1798 424 1909 454 certos
1944 431 2074 454 annuos

218 487 365 521 redditus
394 485 467 520 fere
495 487 735 531 quinquaginta
764 493 1009 528 sexagenarum
1039 493 1100 528 per
1127 481 1270 516 heredes
1302 486 1333 515 et
1361 485 1562 515 executores
1592 479 1759 526 quondam
1776 479 1938 526 Meynlini
1962 480 2075 515 fratris

220 547 297 581 dicti
324 546 454 581 Nicolai
474 546 674 587 Testatoris‚
704 556 786 592 quos
814 544 900 578 idem
921 543 1111 589 Meynlinus
1130 547 1236 576 morte
1256 553 1315 576 sua
1335 542 1528 587 reliquerat,
1561 545 1592 574 et
1612 543 1645 574 in
1666 543 1739 586 pios
1759 551 1838 574 usus
1858 551 1917 586 pro
1939 551 2075 574 suorum

219 607 368 642 remedio
397 611 613 653 peccatorum
644 607 797 640 converti
825 607 968 638 iusserat
996 603 1157 637 mandans
1186 606 1276 649 ipsos
1305 602 1400 636 alicui
1429 606 1483 649 pio
1517 606 1548 635 et
1582 602 1743 646 religioso
1772 601 1847 634 loco
1875 611 1936 635 seu
1964 611 2075 635 ceno-

218 667 272 702 bio
310 668 468 714 applicari
502 670 732 713 prenominato
766 665 973 700 Monasterio
1010 669 1171 710 perpetue
1213 663 1400 697 donationis
1441 663 1533 696 titulo
1575 661 1690 695 usibus
1735 665 1768 694 et
1811 660 2075 695 substentatione

219 727 379 762 dictarum
409 728 592 762 Abbatisse
620 732 652 761 et
681 726 872 761 Monialium
901 729 934 759 ut
961 725 1143 772 predicitur
1171 734 1236 769 que
1264 734 1353 757 nunc
1382 727 1470 765 sunt,
1508 727 1540 756 et
1579 733 1643 768 que
1679 733 1739 768 pro
1774 725 1925 767 tempore
1953 720 2076 755 fuerint

219 791 385 834 assignari
409 800 469 835 per
496 791 586 835 ipsas
616 792 648 822 et
676 787 798 821 dictum
826 788 1060 820 monasterium
1089 787 1260 831 perpetuis
1289 783 1494 829 temporibus
1524 783 1674 817 similiter
1707 782 1928 829 possidendos
1957 786 1988 815 et
2016 786 2074 815 te-

219 849 362 884 nendos.
420 849 503 883 Sunt
539 852 637 883 etiam
667 848 776 882 adhuc
805 852 896 882 certe
924 850 1067 893 pecunie
1095 857 1155 892 per
1183 845 1303 879 dictum
1332 844 1543 879 Testatorem
1572 844 1732 877 videlicet
1756 842 1930 880 Nicolaum
1958 842 2075 876 relicte

218 921 280 957 pro
309 910 426 956 quibus
455 909 578 943 debent
607 912 753 944 maiores
782 913 813 942 et
843 908 1021 954 ampliores
1048 906 1196 941 redditus
1224 916 1285 952 pro
1314 905 1400 939 dicto
1421 904 1629 939 Monasterio
1651 908 1683 937 et
1703 904 1864 937 dictarum
1883 902 2075 937 Montanum

220 970 336 1005 usibus
364 972 563 1017 comparari.
623 969 713 1004 Sane
750 968 868 1003 volens
896 973 930 1002 et
957 971 1094 1014 cupiens
1123 966 1302 1013 prelibatus
1331 966 1482 1000 dominus
1507 965 1695 1011 Episcopus
1726 964 1920 999 Olomucen.
1950 963 2075 998 funda-

219 1034 319 1065 tionis
348 1030 427 1065 dicti
454 1030 654 1065 Monasterii
682 1031 891 1076 participium
919 1028 1082 1069 obtinere,
1121 1039 1160 1061 ac
1188 1038 1248 1074 pro
1278 1027 1456 1061 fundatore
1484 1028 1588 1072 ipsius
1623 1037 1662 1059 ac
1691 1036 1755 1059 una
1785 1035 1859 1059 cum
1889 1024 1976 1058 dicto
2005 1024 2079 1058 Te-

220 1096 347 1126 statore
380 1094 527 1137 reputari
561 1094 593 1125 et
628 1093 761 1125 censeri
789 1090 921 1124 Curiam
955 1100 1048 1123 suam
1081 1099 1177 1135 quam
1215 1099 1303 1122 nunc
1330 1087 1491 1121 inhabitat
1520 1090 1553 1120 in
1582 1086 1732 1133 predicta
1762 1085 1903 1120 civitate
1930 1086 2077 1130 Pragen.

221 1155 313 1187 iuxta
341 1157 470 1198 portam
499 1155 610 1186 sancti
639 1151 811 1186 Benedicti
840 1153 935 1185 sitam
963 1150 1092 1196 prefato
1119 1148 1327 1183 Monasterio
1363 1151 1574 1195 proprietatis
1611 1151 1682 1181 iure
1711 1146 1848 1181 contulit
1881 1151 1913 1180 et
1941 1146 2080 1180 donavit

221 1212 403 1248 secundum
431 1212 571 1246 formam
604 1212 827 1258 dispositionis
855 1214 958 1257 ipsius
989 1211 1111 1244 domini
1138 1209 1298 1256 Episcopi
1326 1212 1358 1243 in
1387 1209 1546 1243 utilitates
1578 1208 1755 1242 evidentes
1784 1207 1863 1241 dicti
1882 1206 2079 1241 Monasterii

222 1278 384 1320 perpetuo
421 1273 680 1319 convertendas7
716 1277 750 1306 ut
788 1277 896 1306 autem
931 1274 1094 1318 premissa
1124 1273 1233 1305 omnia
1263 1275 1296 1304 et
1323 1270 1465 1314 singula„
1505 1281 1568 1315 que
1607 1271 1760 1314 superius
1796 1272 1873 1302 sunt
1911 1278 2080 1313 expressa

221 1334 315 1368 firma
351 1333 529 1369 stabilitate
567 1338 758 1376 serventur,
794 1338 827 1366 et
863 1332 963 1366 robur
996 1336 1157 1378 perpetue
1185 1330 1331 1365 obtineat
1358 1330 1523 1364 firmitatis
1555 1331 1836 1374 recognoscimus
1865 1327 2080 1374 presentibus

221 1399 255 1429 et
282 1394 424 1429 fatemur
451 1397 561 1428 omnia
592 1398 625 1428 et
653 1393 784 1438 singula
812 1397 845 1427 ut
873 1392 1038 1439 prefertur
1066 1403 1130 1438 que
1158 1403 1219 1438 per
1246 1392 1367 1425 dictum
1395 1391 1534 1425 fratrem
1565 1395 1717 1424 nostrum
1752 1389 1956 1435 Episcopum
1994 1387 2081 1423 Olo-

221 1466 353 1489 mueen.
392 1459 469 1489 sunt
505 1454 664 1500 disposita
699 1453 850 1487 ordinata
886 1457 919 1487 et
951 1452 1039 1486 facta
1077 1452 1117 1486 de
1150 1457 1264 1486 nostra
1301 1453 1433 1486 licentia
1463 1457 1495 1485 et
1526 1453 1723 1485 auctoritate
1751 1455 1785 1484 ut
1813 1454 1864 1483 est
1892 1449 2012 1483 dietum
2042 1459 2082 1482 ac

224 1515 265 1550 de
292 1520 407 1550 nostra
436 1515 610 1549 voluntate
639 1519 671 1548 et
699 1517 838 1548 scientia
866 1516 1091 1560 processisse,
1117 1525 1156 1547 ac
1185 1513 1342 1559 disposita
1371 1512 1459 1546 facta
1489 1517 1522 1545 et
1552 1511 1704 1545 ordinata
1732 1510 1847 1554 fuisse‚
1878 1521 1942 1556 que
1971 1512 2082 1543 omnia

223 1587 269 1610 ex
303 1575 610 1622 superhabundanti
648 1580 681 1609 et
715 1574 756 1608 ad
790 1574 952 1608 cautelam
980 1579 1050 1608 rata
1079 1579 1112 1608 et
1139 1578 1234 1618 grata
1261 1573 1422 1607 habentes
1451 1576 1524 1619 ipsa
1554 1574 1722 1618 presentis
1752 1574 1866 1617 scripti
1893 1572 2082 1617 patrocinio

225 1636 434 1680 roboramus,
473 1636 590 1670 dantes
631 1640 663 1670 et
701 1635 928 1669 concedentes
961 1637 994 1668 in
1031 1637 1254 1669 testimonium
1292 1637 1530 1680 premissorum
1570 1637 1748 1678 presentes
1782 1636 1915 1665 nostras
1956 1631 2083 1664 litteras

228 1697 412 1742 sigillorum
442 1702 632 1731 nostrorum
670 1699 875 1743 appensione
908 1698 1060 1730 munitas.
1118 1695 1241 1729 Actum
1270 1699 1302 1728 et
1329 1695 1440 1728 datum
1470 1694 1581 1739 Frage
1615 1695 1716 1728 Anno
1747 1692 1881 1726 Domini
1908 1692 2084 1725 millesimo

223 1760 458 1791 trecentesimo
495 1757 750 1803 quadragesimo
778 1760 900 1790 octavo
928 1756 977 1789 XI
1005 1756 1058 1789 die
1085 1758 1208 1790 mensis
1241 1754 1457 1801 Septembris.
1489 1754 1574 1788 Nulli
1605 1764 1688 1798 ergo
1723 1754 1785 1786 dcc.
1811 1757 1926 1787 nostre
1955 1751 2085 1785 confir-

223 1821 377 1852 mationis
405 1816 587 1862 infringere
615 1819 676 1851 dcc.
715 1816 834 1850 Datum
864 1817 1037 1850 Avinione
1063 1816 1162 1850 XIIII
1189 1816 1358 1850 Kalendas
1389 1815 1594 1861 Septembris
1623 1815 1724 1848 Anno
1752 1812 1862 1847 Nono.

543 1926 618 1958 (Aus
642 1927 697 1951 deu
722 1925 799 1959 orig.
825 1926 972 1959 Regesten
998 1925 1130 1951 Clemens
1153 1926 1204 1952 VI.
1229 1929 1296 1952 tom.
1322 1926 1349 1957 3,
1372 1933 1449 1959 pars.
1475 1925 1502 1955 2,
1528 1924 1613 1957 epist.
1640 1922 1711 1955 461,
1735 1930 1803 1956 pag.
1829 1922 1906 1953 1003
1940 1921 2085 1947 vidimirte

638 1978 786 2004 Absehrift
810 1978 845 2003 im
871 1976 1132 2016 Landesarchive.)

1108 2175 1209 2210 110.

227 2268 337 2313 Papst
376 2268 530 2301 Clemens
577 2267 632 2302 VI.
672 2266 809 2311 befiehlt
845 2267 920 2300 dem
958 2266 1130 2300 Olmz'itz-er
1165 2265 1330 2309 Bz'sclzofe
1366 2264 1520 2307 Johann,
1560 2264 1641 2298 dass
1676 2275 1714 2296 er
1750 2263 1823 2296 dem
1859 2261 2086 2306 Marlfyrafen

227 2328 364 2362 ιῙοΙιιιηη
384 2339 449 2362 von
468 2328 612 2362 Mcihren
634 2328 688 2362 die
707 2328 857 2372 Dispens
876 2327 1032 2369 ertheik,
1054 2329 1085 2360 in
1107 2327 1168 2360 der
1189 2326 1265 2359 Ehe
1284 2328 1342 2358 mit
1358 2325 1600 2369 Mar-qarellea,
1633 2324 1781 2357 Tochler
1805 2325 1862 2357 des
1883 2323 2085 2367 Troppauer

255 2389 433 2434 Herzoyes
462 2389 641 2432 Nicotaus,
676 2390 789 2422 sez'ner
824 2388 1057 2431 Verwandteu,
1092 2399 1133 2420 z-zc
1160 2386 1366 2420 verblez'ben.
1409 2385 1469 2419 Dc.
1499 2385 1659 2429 Aciynon
1691 2384 1750 2418 19.
1780 2384 1917 2428 Auyust
1947 2382 2059 2417 1351.

385 2474 563 2527 Clemens
600 2492 790 2539 Episcopus
828 2492 956 2526 Servus
991 2491 1175 2526 Servorum
1210 2490 1273 2524 Dei
1306 2489 1499 2523 Venerabili
1536 2488 1646 2522 Fratri
1683 2487 1850 2534 Episcopo
1887 2486 2084 2523 Olomucen.

232 2552 382 2587 Salutem
410 2558 442 2587 et
470 2553 701 2599 Apostolicam
728 2552 1006 2588 benedictionem.
