2206 2735
1067 202 1141 237 25.

332 276 480 329 Kaiser
508 293 587 327 Karl
616 291 674 326 lv.
705 295 863 336 gestattet
891 289 954 324 den
985 289 1138 334 Biirgern
1167 298 1234 323 von
1264 287 1367 332 liger,
1402 287 1478 321 dass
1517 289 1566 321 sie
1603 286 1654 321 bei
1691 287 1784 321 ihren
1815 286 2033 329 Gesclial'ten,

175 355 275 391 Kauf.
306 353 462 389 Verkauf
488 358 552 387 etc.
584 356 614 386 in
644 352 732 397 Prag
760 350 931 386 dieselben
959 349 1090 383 Rechte
1118 352 1186 383 wie
1215 348 1270 381 die
1298 347 1426 392 Preger
1457 346 1586 391 Burger
1614 350 1796 392 geniessen
1827 348 1943 381 sollen.
1982 347 2034 381 Dt.

178 427 241 450 zue
269 413 450 459 Nurnberg
479 425 520 447 an
549 412 691 457 Dinstag
720 415 751 446 in
780 411 839 445 der
869 409 1187 455 Pfingst-Woehen
1218 408 1247 442 d.
1278 411 1298 442 i.
1332 408 1389 442 18.
1422 406 1487 441 Mai
1519 407 1630 442 1350.

488 491 690 527 (Abgedruckt
714 491 741 516 in
766 490 866 516 Pelzl's
891 487 962 516 Karl
989 489 1041 515 IV.
1067 488 1218 515 L'rkundb.
1244 495 1307 512 zum
1333 484 1352 513 1.
1378 487 1432 512 Th.
1456 496 1482 520 p.
1510 486 1575 519 75.)

1071 599 1144 634 26.

335 669 529 724 Johannes
559 688 792 722 Olomucensis
822 689 1001 732 episcopus
1032 684 1205 719 confirmat
1225 685 1450 723 donationem.
1481 695 1577 730 quam
1606 683 1685 718 fecit
1705 684 1822 719 Petrus
1851 685 2036 720 advocatus

181 749 425 785 Teschinensis
455 748 606 795 hospitali
635 747 838 782 infirmorum
876 758 903 780 s.
935 746 1063 780 Nicolai
1093 751 1170 780 ante
1199 744 1290 780 fores
1329 747 1472 779 civitatis
1502 744 1740 791 Oppaviensis7
1779 745 1819 778 de
1855 745 2036 780 redditibus

182 811 367 845 advocatiae
397 809 624 856 Oppaviensis
653 807 715 841 XII
745 818 930 841 marcarum
968 817 1175 851 grossorum,
1211 809 1254 840 ita
1292 811 1326 840 nt
1360 805 1418 840 VI.
1455 817 1575 840 marcae
1610 809 1733 840 rectori
1770 805 1940 852 hospitalis
1978 817 2037 853 pro

183 873 299 916 majori
329 869 503 905 commodo
533 868 716 914 hospitalis,
747 868 818 901 aliae
848 866 905 901 VI.
936 866 1063 901 duobus
1102 866 1335 901 sacerdotibus
1374 866 1496 900 ibidem
1534 865 1780 901 celebrantibus
1818 866 2034 913 applicentur.

184 931 236 965 Dt.
268 930 428 978 Oppaviae
458 930 510 963 die
539 928 604 962 XX
631 927 711 972 Maji
743 928 852 962 1350.

492 1007 571 1042 (Aus
596 1004 829 1032 Schwandtuer's
856 1006 1014 1040 Diplomat.
1039 1005 1145 1039 magni.
1171 1006 1293 1032 Priorat.
1317 1006 1389 1032 Boh.
1413 1015 1440 1040 p.
1459 1004 1521 1041 84.)

1077 1117 1149 1152 27.

249 1198 386 1232 Joliann
414 1197 604 1242 Mar-hyras
624 1208 689 1231 von
718 1196 863 1230 Malu-en
891 1195 1076 1240 bestcitiyet
1105 1196 1165 1230 der
1196 1196 1300 1230 Stadt
1329 1195 1448 1230 Bruma
1477 1196 1546 1230 alle
1573 1195 1736 1240 srahel-en
1767 1196 1985 1241 Priuileqtssetz.

847 1256 907 1291 Dt.
938 1257 1057 1290 Bre'mn
1086 1257 1120 1290 4.
1150 1257 1234 1290 ι11ιηὶ
1262 1256 1373 1291 1350.

340 1327 534 1380 Johannes
570 1345 622 1378 dei
659 1347 774 1389 gracia
808 1343 959 1378 Marchio
1000 1343 1151 1378 Morauie
1191 1344 1343 1379 omnibus
1381 1347 1622 1390 inperpetuum.
1680 1343 1852 1385 Quociens
1889 1356 1907 1378 a
1944 1343 2040 1378 nobis

185 1409 304 1453 petitur
332 1406 418 1453 quod
448 1406 611 1440 honestati
642 1407 825 1439 conuenire
854 1405 1038 1439 dinoscitur
1067 1406 1189 1438 Animo
1219 1416 1279 1438 nos
1310 1405 1405 1439 decet
1436 1405 1546 1439 libenti
1575 1405 1765 1439 concedere
1794 1409 1826 1439 et
1854 1408 2041 1451 petencium

184 1467 358 1502 desideriis
386 1478 569 1512 congruum
601 1466 795 1511 suffragium
825 1469 994 1512 impertiri.
1026 1465 1164 1499 Nouerit
1194 1468 1293 1510 igitur
1322 1477 1466 1512 presens
1497 1471 1568 1500 etas
1598 1470 1630 1499 et
1659 1465 1756 1499 futuri
1777 1469 1935 1512 temporis
1960 1476 2042 1499 suc-

185 1531 319 1563 cessiua
356 1531 535 1574 posteritas
565 1527 650 1573 quod
680 1538 741 1561 1105
771 1530 900 1571 integre
938 1526 1012 1560 fidei
1042 1530 1215 1573 puritatem
1250 1538 1311 1571 qua
1348 1526 1531 1561 Prudentes
1564 1529 1625 1560 viri
1650 1526 1755 1570 judex
1799 1531 1831 1560 et
1868 1527 1969 1570 jurati
2012 1531 2043 1559 et

185 1592 334 1624 Vniuersi
364 1587 463 1622 Ciues
502 1592 613 1622 nostre
650 1587 799 1622 Ciuitatis
837 1587 1045 1621 Brunnensis
1082 1586 1196 1621 fideles
1233 1590 1340 1621 nostri
1379 1587 1489 1621 dilecti
1525 1598 1605 1632 erga
1643 1598 1705 1621 nos
1742 1592 1774 1620 et
1808 1590 2042 1633 progenitores

186 1654 320 1684 nostros
349 1649 465 1695 Reges
494 1649 631 1683 Boemie
659 1647 874 1682 Mareliiones
902 1647 1052 1682 Morauie
1081 1650 1194 1682 inclite
1222 1648 1472 1682 recordacionis
1507 1647 1668 1681 hactenus
1704 1647 1895 1682 claruerunt
1928 1658 2043 1692 gene-

187 1713 295 1744 rosius
325 1711 545 1753 attendentes,
575 1710 831 1744 considerantes
861 1720 991 1755 quoque
1019 1709 1198 1754 benignius
1227 1709 1313 1754 quod
1342 1709 1428 1742 idem
1459 1707 1558 1742 Ciues
1587 1712 1682 1752 grata
1702 1707 1798 1742 nobis
1823 1708 2044 1754 inpenderunt

188 1770 349 1816 obsequia
377 1774 410 1805 et
438 1770 623 1817 inpendere
652 1774 808 1816 poterunt
838 1769 955 1804 futuris
984 1770 1186 1816 temporibus
1215 1772 1384 1814 graciora,
1415 1768 1543 1802 deuotis
1564 1773 1597 1802 et
1616 1767 1874 1802 racionabilibus
1895 1771 2043 1814 ipsorum

187 1829 495 1877 supplicacionibus
524 1829 751 1865 fauorabiliter
779 1830 924 1863 inclinati
954 1833 1062 1864 onmia
1093 1831 1265 1876 priuilegia
1286 1833 1418 1875 gracias
1448 1832 1687 1864 concessiones
1709 1829 1914 1863 donaciones
1934 1828 2044 1862 liber—

188 1896 292 1934 tates,
329 1891 511 1925 laudabiles
541 1901 671 1935 quoque
700 1895 731 1923 et
769 1890 973 1936 approbatas
1012 1892 1273 1926 consuetudines
1311 1896 1343 1925 et
1376 1893 1451 1935 jura
1489 1893 1728 1936 cuiuscumque
1765 1892 1978 1924 continencie
2016 1893 2047 1922 et

188 1954 314 1986 tenoris
350 1954 496 1985 existant
524 1963 541 1985 a
571 1951 711 1984 (1011111115
742 1951 891 1996 Regibus
921 1951 1057 1986 Boemie
1087 1957 1119 1986 et
1146 1952 1396 1986 Marcliiouibus
1424 1951 1574 1986 Morauie
1602 1950 1871 1997 progenitoribus
1893 1954 2045 1984 013310-

189 2011 380 2046 cessoribus
400 2015 523 2045 nostris
554 2011 643 2045 clare
671 2015 830 2046 memorie
860 2015 940 2058 ipsis
969 2013 1044 2047 data
1073 2018 1106 2047 et
1134 2013 1226 2047 (latas
1255 2024 1419 2048 concessa
1441 2018 1473 2046 et
1493 2023 1676 2047 concessas
1706 2011 1828 2045 indulta
1849 2016 1882 2044 et
1901 2010 2044 2044 indultas

189 2077 284 2119 prout
312 2076 343 2106 in
373 2075 519 2119 ipsorum
548 2072 680 2117 Regum
702 2072 839 2107 Boemie
868 2078 900 2106 et
928 2073 1156 2109 Marchionum
1186 2073 1336 2107 Mol-anie
1365 2074 1468 2107 literis
1498 2083 1599 2119 super
1627 2072 1690 2106 hoc
1719 2071 1885 2105 confectis
1915 2070 2044 2116 plenius

189 2138 240 2167 est
262 2144 472 2178 expressum.
503 2133 589 2167 dicte
611 2132 739 2167 Ciuitati
761 2133 948 2167 Brunnensi
977 2137 1149 2180 ipsiusque
1171 2134 1306 2168 Ciuilms
1326 2138 1520 2180 perpetuum
1543 2133 1582 2167 de
1610 2136 1722 2167 innata
1743 2131 1838 2166 nohis
1861 2131 2045 2165 clemencia

189 2194 411 2240 approbamus
442 2193 641 2228 ratificamus
680 2197 876 2228 innouainus
905 2199 937 2228 et
965 2206 1009 2229 ex
1044 2200 1134 2229 certa
1173 2199 1286 2230 nostra
1323 2197 1471 2228 sciencia
1509 2196 1676 2240 presentis
1713 2195 1831 2238 scripti
1859 2193 2044 2238 patrocinio

187 2254 433 2288 confirmamus.
490 2254 577 2288 'Nulli
606 2266 687 2300 ergo
717 2257 850 2289 omnino
888 2255 1055 2289 bominum
1092 2255 1189 2289 liceat
1218 2255 1303 2288 lianc
1332 2259 1444 2288 nostre
1474 2253 1741 2301 appi-obacionis‚
1780 2252 2043 2291 Rauficacionis.

186 2317 416 2349 innouacionis
446 2319 478 2349 et
506 2316 776 2350 confirmacionis
815 2319 969 2362 paginam
1008 2316 1194 2361 infringere
1224 2322 1279 2350 aut
1309 2319 1338 2350 ei
1368 2327 1451 2350 ausu
1481 2317 1658 2349 temerario
1689 2315 1858 2349 contraire
1887 2312 2044 2358 Alioquin

188 2386 299 2417 secus:
326 2375 490 2410 facientes
526 2376 797 2421 indignacionem
827 2381 858 2410 et
887 2376 1048 2411 offensam
1077 2376 1296 2411 Excellencie
1326 2381 1438 2411 nostre
1476 2386 1679 2423 pergrauem
1710 2377 1862 2408 nonerint
1890 2375 2044 2407 irremis-

188 2435 325 2470 sibiliter
352 2439 558 2471 incursuros.
598 2437 636 2471 In
665 2448 803 2482 quorum
833 2440 1054 2471 testimonium
1083 2442 1257 2484 presentes
1288 2437 1389 2472 scribi
1418 2442 1450 2471 et
1478 2437 1586 2482 sigillo
1616 2440 1731 2469 nostro
1760 2437 1915 2468 iussimus
1946 2444 2042 2467 com—

190 2499 318 2531 muniri.
348 2496 468 2531 Datum
499 2497 608 2531 31330
637 2497 720 2532 feria
750 2502 864 2544 quarta
894 2499 980 2533 infra
1012 2499 1156 2534 Octauas
1187 2499 1344 2545 Corporis
1374 2498 1494 2532 Christi
1524 2498 1624 2531 Anno
1655 2493 1851 2530 M0CcC¹¹L⁰.

500 2572 575 2614 (Ans
601 2577 664 2601 (lem
689 2576 787 2603 Codex
812 2577 861 2603 Nr.
887 2578 923 2602 34
950 2577 999 2603 fol.
1026 2578 1064 2603 50
1090 2578 1124 2603 im
1152 2578 1275 2604 Archive
1300 2578 1350 2603 der
1376 2578 1402 2602 k.
1429 2577 1513 2603 stadt
1538 2575 1658 2605 Rriinnft
