2206 2735
1054 41 1121 75 1¹24

163 159 200 192 ad
231 159 453 205 impetendum
483 168 556 191 cum
587 157 711 190 eisdem
742 155 908 202 predictas
939 157 1089 197 virgines
1119 157 1151 186 et
1180 163 1259 186 suos
1288 156 1343 185 aut
1371 154 1459 197 ipsus
1495 151 1717 185 succedentes
1747 154 1777 185 111
1807 150 2012 186 ttlonasterio

162 220 310 266 predicto
341 218 538 264 inpublieum
569 221 600 252 in
630 227 829 262 quocunque
853 215 978 259 judicia
1009 214 1060 247 uel
1090 218 1185 246 extra
1215 212 1471 251 deducerentur,
1501 213 1554 246 illc
1591 223 1691 246 casse
1728 214 1862 245 omnino
1898 216 2014 247 essent

162 285 192 313 et
225 284 352 313 mortue
382 279 502 312 nullam
533 277 692 312 babentes
722 277 851 310 roboris
882 275 1080 309 lirniitatem.
1111 285 1173 307 nec
1203 274 1319 318 aliquis
1349 284 1406 306 cas
1434 272 1615 306 ostendens
1645 275 1809 318 quitquam
1840 283 1898 317 per
1926 275 2013 317 ipsas

163 339 304 385 probare
333 343 459 384 posset.
490 338 574 384 quod
605 341 634 371 iu
665 338 825 371 (116111111111
854 339 1020 379 virginum
1056 339 1087 368 et
1125 345 1258 368 suorum
1297 345 1357 367 scu
1395 332 1586 366 Monasterii
1623 332 1758 379 predicti
1797 332 2012 378 preindicium

163 404 319 442 vergeret
350 400 401 432 uel
432 401 603 434 iacturam.
636 398 673 431 t-It
704 396 935 431 nicliilomimis
965 399 1057 429 istius
1095 396 1342 437 recognit-ionis
1379 393 1455 426 dicti
1491 392 1593 428 Judei
1628 394 1669 427 ob
1707 396 1901 427 caucionem
1938 393 2013 438 ple-

162 463 288 493 niorem
319 459 478 493 dederuut
509 458 688 504 sepetlictis
718 455 904 500 virginibus
933 456 1044 489 literas
1073 467 1131 501 per
1160 466 1290 488 manum
1321 465 1426 500 ysaac
1455 456 1601 495 magistri
1635 453 1815 487 Judeorum
1850 458 1883 487 et
1912 453 2014 499 Epis-

161 523 234 566 copi
265 520 318 560 (Ἠ
349 523 408 553 viri
439 519 566 565 prouidi
597 521 815 563 conscriptas.
847 517 882 550 lu
912 527 1049 562 quorum
1079 518 1222 549 oninium
1252 517 1474 549 testimonium
1504 513 1645 557 sigillum
1674 517 1851 548 vicariatus
1872 513 2015 547 Olomu-

161 584 274 615 eeusis
311 580 468 614 Ecclesie
511 578 723 625 presentibus
768 582 817 612 est
863 588 1057 623 appensum.
1096 576 1220 610 'l'estes
1255 579 1360 609 eciam
1399 577 1633 620 premissorum
1669 580 1746 608 511111
1783 575 1914 608 discreti
1951 577 2013 607 viri

161 641 368 675 Scliestlinus
397 645 428 673 et
458 639 561 673 Jeseo
591 638 631 672 de
662 637 863 672 Nauzedlicz
893 636 989 670 ι1111161
1021 636 1246 670 llruunenses.
1277 639 1328 681 qui
1359 638 1482 681 pariter
1518 635 1603 668 dicte
1641 637 1867 675 recogniciom
1906 637 2012 675 rogati

161 701 380 735 interfuerunt
410 705 440 734 et
470 700 580 745 plures
610 699 673 732 alii.
705 700 826 732 Actum
856 702 887 731 et
916 698 1025 731 datum
1062 699 1095 731 in
1134 697 1266 730 Brunna
1305 697 1405 730 Anno
1441 696 1562 729 domini
1601 694 1817 729 ttl⁰ecc⁰Ltl⁰
1854 698 2013 729 vicesima

161 764 271 806 quinta
301 761 353 795 die
382 760 510 794 Mensis
538 759 639 793 Junii.

471 845 565 881 (th-ig.
594 848 676 881 t‘crg.
703 847 729 873 11.
755 846 813 879 sig.
840 847 875 871 im
903 846 1032 871 llrfinner
1056 844 1279 878 statum-chive.)

1044 1001 1061 1035 1
1072 1000 1147 1035 65.

372 1089 479 1133 l'apsl
511 1089 665 1122 Clemens
702 1086 754 1121 ΓΙ.
783 1091 924 1120 erm’mel
954 1087 1016 1120 den
1051 1086 1264 1120 lemloriele
1294 1099 1367 1120 zum
1399 1088 1590 1120 Canania-as
1618 1089 1651 1121 in
1683 1087 1810 1120 Brmm.

808 1148 868 1181 Dt.
899 1149 1058 1192 Ariaiton
1091 1148 1125 1181 5.
1156 1148 1230 1181 ,lali
1261 1147 1368 1181 1352.

318 1226 496 1279 (demens
525 1244 713 1290 Episcopus
744 1244 873 1277 Servus
903 1242 1086 1277 Servorum
1126 1242 1186 1276 Dei
1217 1243 1347 1277 Dilecto
1377 1244 1441 1277 lilio
1471 1243 1681 1278 Theodorico
1711 1244 1751 1277 de
1782 1243 1913 1277 lli-unna
1943 1244 2013 1277 Ca-

164 1309 284 1339 nonico
318 1306 463 1338 ecclesie
499 1307 606 1339 saneti
646 1304 732 1338 Petri
771 1303 847 1337 dicti
884 1303 946 1337 loci
985 1303 1026 1336 de
1055 1303 1188 1338 Brunna
1219 1304 1415 1338 Olomucen.
1446 1303 1592 1338 diocesis
1623 1304 1768 1338 Salutem
1798 1309 1830 1337 et
1862 1305 2014 1350 Aposto-

163 1367 259 1400 licam
292 1365 576 1399 Benedictiouem.

319 1426 542 1471 Suffragantia
572 1425 627 1460 tibi
657 1424 830 1471 probitatis
859 1429 893 1459 et
921 1427 1076 1459 virtutum
1105 1428 1220 1459 merita
1249 1436 1352 1472 super
1379 1424 1498 1471 quibus
1528 1425 1612 1471 apud
1643 1437 1704 1460 nos
1728 1424 1894 1470 fidedigno
1916 1428 2014 1459 testi-

162 1490 273 1520 monio
302 1487 548 1520 commendaris
578 1490 768 1532 exposcunt
796 1490 830 1519 ut
858 1485 912 1519 tibi
943 1485 1120 1519 reddamur
1148 1486 1188 1519 ad
1218 1489 1359 1531 gratiam
1388 1485 1554 1520 liberales.
1611 1486 1774 1520 Volentes
1810 1489 1920 1532 itaque
1957 1486 2015 1520 tibi

164 1550 401 1594 premissorum
430 1550 622 1581 meritorum
651 1551 780 1581 tuorum
809 1549 923 1580 intuitu
952 1549 1093 1590 gratiam
1121 1545 1234 1580 facere
1263 1547 1442 1592 specialem
1465 1546 1702 1580 Canonicatum
1732 1546 1880 1580 ecclesie
1908 1549 2015 1580 sancti

164 1608 249 1642 Petri
271 1608 311 1641 de
334 1608 466 1642 Brunna
494 1607 691 1641 olomucen.
722 1607 867 1641 diocesis
896 1618 969 1641 611111
999 1607 1203 1653 plenitudine
1231 1609 1309 1641 iuris
1338 1609 1491 1640 canonici
1521 1607 1701 1652 apostolica
1733 1606 1787 1640 tibi
1818 1609 2014 1640 auctoritate

163 1668 367 1703 conferimus
397 1673 428 1702 et
456 1668 497 1702 de
526 1668 581 1702 illo
611 1671 709 1701 etiam
738 1667 965 1714 providemus.
1023 1666 1227 1701 Prehendam
1265 1678 1346 1702 vero
1383 1670 1409 1702 si
1439 1679 1502 1714 qua
1531 1670 1562 1701 111
1591 1667 1707 1701 eadem
1738 1668 1882 1702 ecclesia
1916 1672 2015 1702 vacat

163 1729 202 1763 ad
233 1740 374 1775 presens
403 1729 456 1762 vel
487 1739 561 1762 eum
590 1731 764 1763 vacaverit
793 1739 889 1774 quam
919 1733 952 1762 tu
981 1739 1040 1774 per
1068 1732 1101 1762 te
1130 1728 1185 1763 vel
1215 1733 1467 1774 procuratorem
1496 1733 1586 1762 tuum
1615 1728 1654 1761 ad
1676 1728 1739 1762 11116
1759 1729 1908 1773 legitime
1928 1739 2015 1762 con-

164 1793 311 1824 stitutum
340 1790 425 1823 infra
454 1793 550 1823 unius
578 1792 703 1823 mensis
733 1793 874 1836 spatium
904 1793 1077 1835 postquam
1107 1788 1163 1823 tibi
1192 1788 1245 1822 vel
1275 1788 1382 1822 eidem
1411 1791 1620 1834 procuratori
1649 1791 1780 1822 vacatio
1800 1788 1884 1823 1111115
1913 1791 2014 1822 111110-

163 1853 260 1884 tuerit
299 1850 434 1884 duxeris
470 1851 724 1896 acceptandam,
760 1850 998 1884 conferendam
1034 1849 1090 1883 tibi
1128 1853 1204 1896 post
1241 1851 1505 1894 acceptationem
1543 1848 1728 1883 huiusmodi
1758 1860 1831 1882 611111
1861 1849 2012 1883 omnibus

165 1911 290 1945 iuribus
320 1915 351 1944 et
380 1914 590 1956 pertinentiis
619 1913 687 1945 suis
717 1911 886 1944 donationi
915 1911 1101 1956 apostolice
1130 1921 1358 1947 reservamus.
1398 1910 1576 1943 districtius
1605 1909 1793 1943 inhibentes
1829 1909 2012 1943 venerabili

166 1972 256 2006 fratri
285 1976 401 2006 nostro
431 1999 438 2005 .
470 1999 476 2004 .
507 1971 674 2018 Episcopo
704 1970 899 2006 Olomucen.
940 1976 972 2005 et
1006 1971 1135 2005 dilectis
1173 1971 1246 2004 111115
1283 1970 1432 2016 Capitulo
1466 1971 1614 2004 eiusdem
1644 1971 1789 2004 ecclesie
1818 1981 1857 2003 ac
1886 1970 1928 2003 illi
1957 1970 2012 2004 vel

166 2033 228 2066 illis
263 2032 302 2065 ad
339 2042 435 2076 quem
471 2031 527 2065 vel
564 2031 602 2065 ad
640 2042 723 2076 quos
759 2034 790 2065 in
821 2031 905 2065 dicta
936 2032 1080 2066 ecclesia
1110 2031 1352 2077 prebendarum
1383 2031 1514 2065 collatio
1543 2033 1691 2077 provisio
1721 2031 1773 2064 vel
1802 2033 1920 2076 quevis
1949 2030 2011 2064 alia

166 2093 339 2138 dispositio
368 2095 511 2138 pertinet
540 2095 759 2126 communiter
787 2093 841 2126 vel
867 2092 1008 2134 divisim,
1038 2104 1080 2126 ne
1100 2092 1141 2126 de
1161 2091 1329 2138 prebenda
1351 2092 1497 2138 predicta
1519 2095 1648 2126 interim
1669 2094 1765 2124 etiam
1786 2096 1863 2124 ante
1883 2102 2011 2137 accep-

164 2156 322 2187 tationem
352 2153 490 2187 eandem
521 2155 582 2186 nisi
611 2158 784 2199 postquam
813 2155 861 2186 eis
890 2155 1088 2195 constiterit.
1118 2152 1203 2199 quod
1235 2156 1267 2186 tu
1295 2153 1348 2186 vel
1376 2158 1574 2198 procurator
1594 2151 1763 2198 predictus
1783 2152 1870 2185 illam
1890 2152 2011 2185 notue-

165 2217 234 2247 ritis
264 2218 456 2259 acceptare,
499 2213 677 2259 disponere
707 2213 939 2259 quoquomodo
968 2218 1174 2260 presumant7
1212 2224 1251 2246 ac
1280 2213 1502 2248 decernentes
1531 2223 1665 2246 exnunc
1699 2215 1821 2246 irritum
1852 2217 1884 2246 et
1912 2215 2009 2245 inane

166 2278 192 2308 si
222 2285 320 2308 secus
349 2285 450 2320 super
478 2274 541 2307 biis
571 2285 589 2307 a
618 2284 781 2319 quoquam
811 2276 930 2320 quavis
959 2277 1156 2308 auctoritate
1186 2276 1334 2308 scienter
1358 2274 1411 2307 vel
1441 2276 1634 2317 ignoranter
1662 2275 1837 2317 eontigerit
1865 2276 2011 2317 attemp—

165 2338 242 2368 tari.
288 2346 352 2368 non
393 2333 601 2368 obstantibus
637 2334 677 2367 de
717 2339 809 2368 certo
846 2334 1088 2368 Canonicorum
1131 2345 1270 2368 numero
1305 2339 1337 2368 et
1373 2333 1570 2380 quibuslibet
1612 2334 1684 2367 aliis
1720 2336 1823 2379 ipsius
1865 2334 2010 2367 ecclesie

165 2398 295 2428 statutis
325 2399 356 2428 et
386 2393 680 2428 consuetudinibus
709 2397 886 2429 contrariis
916 2398 1100 2428 iuramento
1130 2393 1383 2428 confirmatione
1411 2394 1595 2439 apostolica
1626 2394 1679 2427 vel
1709 2404 1916 2439 quacumque
1945 2393 2007 2426 tir-

164 2459 274 2488 mitate
311 2455 372 2488 alia
411 2454 585 2496 roboratis,
626 2458 680 2488 aut
709 2458 734 2488 si
764 2455 861 2500 aliqui
891 2456 1072 2500 apostolica
1110 2456 1163 2488 vel
1192 2455 1253 2488 alia
1284 2458 1401 2501 quavis
1430 2457 1628 2488 anctoritate
1658 2458 1687 2488 in
1718 2454 1834 2488 eadem
1865 2454 2006 2488 ecclesia

164 2520 192 2549 in
225 2516 412 2549 Cauonieos
442 2518 505 2549 sint
535 2518 671 2560 recepti,
703 2515 754 2548 vel
784 2520 815 2548 ut
845 2518 1049 2561 recipiantur
1078 2519 1240 2549 insistant.
1272 2527 1330 2549 seu
1360 2518 1387 2549 si
1407 2526 1507 2560 super
1528 2515 1772 2560 provisionibus
1795 2514 1854 2548 sibi
1877 2514 2008 2548 facien—
