2206 2735
1045 55 1092 87 (5⁰

1027 184 1104 219 95.

137 265 201 297 Die>
235 263 368 297 b'rnde‘r
400 262 585 296 b'erulmrd
614 263 680 296 und
708 262 831 296 Altum-t
862 274 925 297 ron
957 262 1116 307 Ce'mbury
1149 263 1359 307 retplii'udeu
1388 264 1461 296 dem
1490 263 1632 298 Klosler
1671 263 1787 297 Maria
1823 264 1913 298 Saul
1943 266 2001 308 fiir

132 327 208 358 eim»
239 323 369 356 Sclmld
398 334 459 356 rou
486 323 783 367 finesundz-ecanziy
814 323 914 357 Marsi·
946 324 1048 368 I’ray.
1083 324 1259 358 Groscleen
1289 325 1351 357 den
1382 324 1465 357 Zins
1495 325 1668 359 melu-erei-
1702 325 1939 359 Untertlaeauen
1967 327 2000 358 v'n

786 385 931 418 h'ozlan.
965 385 1023 419 De.
1056 385 1115 419 25.
1145 385 1220 418 Jule'
1252 385 1358 418 1:551.

290 461 376 514 Nos
410 480 619 514 Bernhardns
649 480 690 513 dc
719 480 957 514 Cinnenburcli
986 480 1148 524 Magister
1182 481 1281 515 Curio
1320 482 1534 515 Seri-nissimi
1572 482 1692 516 ‹loinini
1728 482 1858 517 Domini
1888 482 2000 517 Karoli

136 542 360 575 Romanorum
391 546 422 575 ct
453 541 590 575 Boemic
620 541 723 579 noeis
754 545 784 574 ct
815 540 974 575 Albcrtus
1004 541 1110 575 dictus
1140 542 1374 576 NVranowccz
1403 542 1444 575 de
1475 541 1708 577 Cinncnburcli
1740 546 1930 579 vniuersis.
1961 544 1999 577 ad

133 613 216 647 quos
246 607 423 648 presentes
453 605 666 648 peruenerint
696 612 774 635 csse
804 603 956 635 volumus
977 602 1198 636 manifestum.
1230 602 1325 644 Quod
1347 602 1477 637 deuotis
1499 607 1532 636 et
1555 602 1733 647 Religiosis
1751 604 1947 638 dominabus
1966 632 1971 637 .
1993 633 1997 638 .

134 662 318 697 venerabili
349 662 533 697 Abbatisse
563 668 595 697 et
625 662 810 696 Conuentui
841 662 1036 697 Mona->torti
1068 663 1155 697 Auli·
1184 667 1301 697 sancte
1329 663 1445 698 Mario.
1497 663 1530 697 ln
1561 663 1837 710 Antiqnabrunna
1868 665 2001 700 Cister-

130 727 254 757 cicnsis
285 723 420 757 Ordinis
451 735 488 757 ac
519 726 580 769 ipsi
611 722 817 756 Monasterio
847 726 877 757 in
908 726 1024 768 viginti
1054 727 1200 770 quinque
1230 727 1351 758 marcis
1380 736 1578 769 grossorum
1599 724 1819 771 Pragensium
1840 725 1999 760 bonorum

132 789 162 815 »t
192 785 346 829 legalium
376 784 588 817 ‹leuariorum
618 786 808 829 pagamenti
840 788 870 817 et
901 789 1026 818 numeri
1059 785 1222 820 Morauici
1252 786 1381 819 scilicet
1410 789 1588 830 sexaginta
1619 789 1760 831 quatuor
1780 797 1920 832 grossos
1941 798 2000 833 pro

132 855 244 878 marca
274 845 417 891 qualibet
450 846 686 891 computamlo.
717 845 757 879 de
787 857 870 880 vcro
900 845 1010 880 debito
1041 846 1215 881 insolidum
1246 846 1445 888 obligamur..
1493 846 1586 888 Quas
1617 850 1696 893 ipsis
1727 850 1758 881 in
1788 847 1872 881 sesto
1902 847 2001 882 Nati-

133 908 241 939 uitatis
271 905 390 939 Christi
420 908 572 952 proxime
600 911 743 940 venturo
774 910 910 953 prestita
940 907 1003 940 tide
1033 912 1147 942 nostra
1176 910 1248 941 <ine
1277 911 1395 952 quouis
1426 907 1510 942 malo
1531 908 1607 942 dolo
1627 908 1761 943 soluere
1783 911 2003 955 promittimus

133 972 164 1000 et
196 967 338 1001 totaliter
367 966 540 1012 expedire.
572 966 667 1008 Quod
697 970 724 1001 si
754 978 820 1001 non
851 967 1030 1002 fecerimus
1059 968 1310 1014 quilinscunque
1339 971 1452 1002 causis
1483 969 1536 1002 vel
1565 969 1697 1003 casibus
1728 969 1902 1016 prepediti,
1931 980 2002 1003 ex-

134 1032 209 1061 tunc
239 1027 388 1074 predicte
418 1027 599 1062 Abbatissa
630 1032 661 1061 et
692 1028 886 1063 Conuentns
916 1041 954 1063 ac
985 1028 1223 1063 Monasteriuni
1254 1029 1340 1062 Tres
1371 1040 1500 1063 marcas
1530 1040 1727 1074 grossorum
1758 1033 1949 1076 pagamcnti
1972 1035 2003 1063 et

136 1092 262 1122 numeri
293 1089 515 1134 predictorum
545 1095 711 1124 certorum
741 1090 927 1124 reddituum
957 1096 987 1124 et
1017 1093 1117 1124 annui
1147 1101 1282 1131 census,
1313 1100 1396 1135 quos
1429 1101 1491 1124 nos
1528 1090 1742 1125 Bernliardus
1778 1090 1928 1137 prefatus
1966 1090 2002 1124 ln

134 1150 209 1183 vitta
240 1154 354 1184 nostra
370 1150 517 1184 Kozlarn
549 1151 639 1185 titulo
669 1154 740 1186 veri
772 1157 805 1186 et
835 1152 969 1196 legitimi
1000 1154 1147 1197 pignoris
1169 1153 1249 1197 ipsis
1271 1150 1492 1195 obligauinnis
1514 1156 1546 1185 et
1568 1151 1780 1197 presentibus
1802 1151 2002 1196 obligamus.

133 1222 204 1244 cum
236 1210 434 1247 hominibus.
465 1222 547 1255 quos
576 1216 683 1246 eciam
714 1215 794 1259 ipsis
824 1216 888 1247 iam
918 1215 1164 1257 assignaninnis
1194 1221 1336 1257 cumque
1366 1211 1517 1245 omnibus
1548 1214 1632 1256 jure,
1670 1211 1827 1246 dominio.
1862 1212 2002 1257 Judicio.

133 1271 282 1305 emendis
311 1272 494 1317 culparum„
526 1276 645 1306 stein-is
675 1278 739 1306 tani
769 1273 1031 1319 prouincialibus
1061 1284 1157 1318 quani
1195 1272 1280 1313 aliis7
1318 1283 1358 1305 ac
1398 1272 1588 1307 vtilitatibns
1622 1277 1655 1307 et
1689 1273 1895 1318 generaliter
1929 1284 2002 1307 cuni

136 1335 301 1366 vniuersis
331 1335 547 1377 pertinenciis
576 1336 655 1375 suis,
687 1333 938 1380 quilmscunquc
968 1338 1132 1367 vocentur
1161 1333 1350 1368 nominibus
1381 1338 1412 1367 et
1442 1336 1473 1368 in
1503 1334 1757 1381 quibuscunque
1786 1333 1886 1368 rebus
1915 1345 2003 1368 con-

135 1396 263 1428 astant.
294 1395 376 1426 sicut
406 1404 468 1426 nos
498 1393 633 1427 cosdem
664 1393 837 1440 hucusque
865 1395 1090 1441 possedimus,
1121 1399 1248 1429 tenere.
1278 1393 1404 1428 habere
1434 1399 1464 1428 et
1493 1394 1606 1429 vtifrui
1635 1400 1699 1429 tam
1738 1395 1792 1429 diu
1822 1395 2002 1431 debebunt.

133 1464 304 1499 quousque
333 1457 413 1500 ipsis
444 1454 625 1489 Abbatisse
654 1460 687 1489 et
715 1454 902 1490 Conuentui
931 1468 971 1490 ae
1000 1455 1204 1490 Monasterio
1232 1466 1293 1501 per
1321 1466 1382 1490 nos
1413 1455 1640 1490 Bernhardum
1671 1461 1703 1489 et
1734 1455 1907 1490 Albertum
1937 1467 2003 1490 an—

136 1514 278 1547 tedictos
308 1519 363 1548 aut
391 1515 535 1550 heredes
564 1527 623 1549 seu
654 1516 832 1561 legittimos
862 1528 1084 1551 successores
1113 1522 1247 1551 nostros
1277 1521 1461 1551 memorate
1481 1519 1748 1563 vigintiquinque
1768 1528 1880 1550 marce
1899 1528 2002 1561 gros-

134 1587 244 1609 sorum
276 1575 396 1610 fuerint
425 1578 635 1621 integraliter
663 1577 844 1623 persoluta
876 1581 1044 1624 perceptis
1073 1579 1190 1613 vsibus
1219 1581 1252 1612 in
1283 1582 1372 1613 sorte
1393 1580 1526 1611 minime
1547 1577 1763 1611 defalcandis.
1794 1577 1863 1611 Nos
1894 1581 2003 1623 itaque

136 1636 348 1671 Bernliardus
378 1642 409 1670 et
438 1637 600 1672 Albertus
630 1638 748 1685 prefati
778 1643 894 1673 nostro
923 1643 953 1673 et
983 1639 1141 1673 heredum
1171 1651 1231 1673 seu
1262 1649 1495 1673 successorum
1525 1643 1715 1672 nostrorum
1757 1641 1890 1672 nominc
1919 1649 2004 1684 pre-—

134 1699 230 1731 {lictis
263 1698 442 1732 Abbatisse
471 1703 503 1732 et
533 1698 720 1733 Conuentui
750 1711 790 1733 ac
818 1699 1025 1735 Monasterio
1054 1699 1141 1734 bona
1172 1699 1235 1733 lide
1264 1702 1338 1734 sine
1367 1699 1442 1734 dolo
1473 1699 1647 1733 insolidum
1684 1702 1906 1745 promittimus
1935 1698 2001 1733 ob-

133 1760 332 1802 ligacionem
362 1764 570 1804 prenotatam
600 1771 674 1794 cum
704 1761 844 1805 singulis
873 1765 905 1794 et
933 1763 1101 1795 vniuersis
1131 1764 1198 1795 suis
1228 1763 1446 1807 pertinenciis
1476 1760 1674 1806 supradictis
1695 1760 1737 1794 ab
1757 1763 1846 1794 omni
1867 1760 2001 1794 homine

133 1824 163 1852 vt
193 1819 233 1853 ab
263 1822 484 1854 vniuersitate
512 1832 530 1854 a
560 1821 762 1866 quibuslibet
790 1822 1068 1868 impeticionibns.
1099 1821 1345 1868 impedimentis
1376 1826 1407 1855 et
1443 1821 1635 1863 obstaculis,
1673 1822 1940 1868 quandocunque
1969 1826 2001 1854 et

131 1884 293 1926 quociens
322 1880 422 1915 fuerit
450 1887 672 1928 opportunum
703 1882 788 1916 infra
816 1886 916 1917 vnins
946 1886 1069 1917 mensis
1100 1885 1262 1929 spacium,
1300 1887 1475 1929 postquam
1511 1882 1551 1916 ab
1590 1885 1640 1915 eis
1675 1885 1788 1916 moniti
1825 1881 1999 1916 fuerimus.

131 1944 288 1975 continue
328 1942 564 1988 computandm
603 1943 787 1977 secundum
818 1945 873 1988 jus
909 1949 999 1978 terre
1035 1943 1186 1977 Morauie
1222 1943 1366 1977 totaliter
1401 1942 1587 1988 disbrigare
1622 1947 1653 1976 et
1689 1945 1823 1976 omnino
1861 1941 1999 1976 liberam

131 2002 267 2036 efficere
296 2005 419 2037 nostris
448 2003 616 2038 laboribus
645 2009 678 2039 et
707 2008 877 2051 expensis.
910 2004 1143 2039 Promittentes
1171 2004 1403 2038 nichilominus
1433 2015 1492 2050 pro
1521 2003 1616 2038 nobis
1654 2008 1687 2037 et
1725 2002 1902 2037 heredibus
1941 2014 1998 2037 seu

132 2063 386 2098 successoribus
415 2068 538 2099 nostris
567 2064 708 2100 fideliter
737 2071 770 2100 et
799 2069 932 2100 sincere
960 2069 1049 2112 ipsas
1079 2065 1295 2100 Abbatissam
1326 2070 1359 2099 et
1388 2064 1597 2099 Conuentuni
1627 2076 1666 2098 ac
1695 2064 1937 2098 Monasterinm
1967 2067 1997 2098 in

132 2125 345 2169 obligacione
373 2125 522 2172 predicta
553 2131 586 2159 et
615 2126 814 2171 quibuslibet
844 2130 1060 2173 pertinenciis
1088 2126 1259 2173 prelibatis
1289 2126 1377 2160 nullo
1406 2137 1554 2172 vnquain
1584 2130 1732 2171 tempore
1753 2124 1999 2170 quomodolibet

133 2185 305 2231 impedire,
336 2186 489 2220 homines
520 2189 627 2220 eciam
656 2186 878 2232 obligacionis
909 2190 1011 2235 ipsius
1040 2199 1178 2234 prorsus
1207 2191 1239 2221 in
1269 2188 1357 2221 nullo
1386 2197 1531 2232 grauare
1560 2197 1620 2220 seu
1649 2186 1858 2231 aliquatenus
1888 2185 1999 2219 mole-

132 2251 234 2290 stare,
265 2246 324 2280 sed
354 2249 385 2280 in
415 2247 567 2281 omnibus
593 2247 735 2292 juribus,
766 2248 971 2283 libertatibus
1000 2253 1034 2283 et
1061 2247 1186 2283 ceteris
1215 2247 1426 2294 quibuslibet,
1466 2247 1583 2294 quibus
1616 2247 1669 2280 alii
1707 2245 1859 2280 homines
1896 2248 1999 2279 nostri

134 2310 164 2341 in
195 2307 281 2341 dicta
310 2308 389 2342 villa
419 2307 572 2343 fruuntur
600 2320 698 2343 manu
729 2315 846 2344 tenere
874 2315 906 2344 et
935 2310 1119 2345 defendere
1147 2314 1179 2343 et
1206 2310 1320 2344 illesos
1347 2320 1408 2356 per
1435 2311 1546 2343 omnia
1567 2311 1599 2341 et
1623 2306 1760 2341 vbilibet
1779 2317 1997 2341 conseruare.

134 2368 289 2403 Ceterum
319 2368 479 2403 adicimus
508 2374 540 2404 et
567 2370 733 2414 volumus,
764 2371 850 2417 quod
879 2375 906 2406 si
935 2366 1102 2416 obligacio
1131 2370 1313 2416 sepedicta,
1343 2380 1361 2404 a
1390 2380 1453 2416 qua
1487 2370 1720 2416 prenominate
1748 2366 1932 2401 Abbatissa
1967 2372 1999 2400 et

133 2430 326 2463 Uonuentus
354 2440 394 2463 ac
423 2429 666 2465 Monasterium
696 2436 773 2465 autc
801 2434 988 2478 proximum
1018 2431 1140 2467 festum
1171 2433 1351 2465 natiuitatis
1380 2429 1503 2464 Christi
1531 2428 1631 2463 nichil
1658 2431 1792 2462 omnino
1820 2430 2000 2474 percipere

133 2490 267 2525 debent.
298 2493 329 2524 in
360 2493 432 2536 ipso
462 2490 548 2525 festo
578 2491 737 2526 videlieet
765 2503 853 2526 anno
881 2495 1031 2539 presenti
1070 2497 1126 2527 aut
1155 2491 1355 2539 quibuslibet
1391 2492 1488 2525 annis
1522 2489 1593 2524 aliis
1629 2489 1778 2524 affuturis
1814 2491 1846 2522 in
1881 2488 1998 2523 eodem

134 2551 222 2585 festo
252 2562 317 2586 non
347 2551 447 2586 fuerit
474 2551 628 2586 exsoluta
657 2563 717 2598 per
745 2563 808 2587 nos
837 2557 894 2588 aut.
920 2558 1054 2588 nostros
1084 2553 1229 2589 heredes
1259 2564 1320 2589 seu
1348 2562 1581 2588 successores.
1614 2555 1738 2585 extunc
1774 2561 1909 2596 semper
1937 2560 1999 2585 se·-
