2206 2735
1043 39 1116 73 108

1035 212 1139 248 148.

163 298 266 342 Polis!
297 295 450 329 Clcmeus
487 293 541 329 ΓΙ.
568 296 735 339 yestiilte!
767 292 808 326 Κ.
840 291 930 325 lsai-l
958 290 1016 325 lt'.
1056 291 1117 323 den
1154 289 1295 324 zeleulen
1330 288 1428 322 Tleee't
1455 287 1522 333 tiles
1554 292 1760 333 yesannnlen
1798 287 1998 331 91¹i'slle'elten

162 358 398 392 Einhmmnvns
428 358 459 389 in
490 357 613 389 scincm
645 353 774 388 Κεῖθεν
802 352 905 386 dum-le
935 351 958 385 3
986 351 1096 385 Jahn·
1124 362 1164 384 zm
1193 349 1351 385 erhebeu.
1386 362 1424 381 so
1452 350 1532 383 dass
1561 351 1645 383 sirei
1673 349 1803 383 Drino!
1829 350 1938 383 damu
1966 351 1998 383 ‘in

160 419 212 451 div
241 418 271 450 lc.
303 417 472 451 Ii'mnnwr.
511 418 564 450 ein
597 414 726 448 Drino!
759 415 790 446 in
824 414 878 447 die
906 412 1054 457 apostol.
1086 412 1244 445 li'wnnwr
1281 409 1490 453 absidis-seru
1528 411 1572 443 ise
1607 410 1673 444 nm!
1705 409 1902 453 [monstram
1937 411 1998 444 den

163 479 295 523 l’ruyvt·
326 477 541 520 Erzln'scleos.
577 477 631 509 dic
669 474 829 517 Biscleose
866 484 928 506 von
967 472 1098 506 Olnm'lz-
1132 473 1197 506 mul
1232 471 1450 505 Leilomisclil
1485 472 1542 504 mit
1577 471 1649 505 dem
1695 471 1853 514 l'ollz-nye
1889 471 2000 504 dieses

669 535 881 579 Gc'scletis!ae¹s.
925 533 982 568 DI.
1011 534 1167 578 Aviynon
1197 532 1230 566 2.
1261 533 1360 566 Mar:-
1392 531 1500 565 1352.

315 614 492 668 Clemens
521 631 705 678 Episcopus
734 630 862 664 Servus
891 629 1073 663 Servorum
1103 628 1164 662 Dei
1194 627 1446 661 Venerabilibus
1475 626 1631 661 fratribus
1661 655 1667 661 .
1698 655 1705 661 .
1737 628 2001 675 Areliiepiscopo

163 695 302 739 Pragcn.
334 706 372 727 ac
403 694 597 727 olomucen.
627 696 660 725 et
688 690 936 725 Lutbomuslen.
966 689 1142 735 Episcopis
1173 688 1320 722 Salutem
1349 693 1381 722 et
1411 688 1636 733 Apostolicam
1667 688 1948 724 Benedictionem.

317 763 428 809 Nuper
457 763 531 796 dum
561 772 682 805 magne
711 762 924 795 necessitatis
954 770 1068 793 onera.
1098 757 1216 804 quibus
1246 757 1395 791 Romana
1425 757 1571 791 ecclesia
1602 762 1737 803 propter
1772 760 1941 792 innumera
1972 763 2002 792 et

161 825 299 870 grandia
330 824 368 857 ad
399 834 470 857 cam
500 822 698 856 confluentia
728 821 769 855 de
798 821 940 854 diversis
969 819 1078 854 mundi
1108 818 1255 865 partibus
1283 822 1416 862 negotia
1447 822 1638 864 sumptuosa
1677 821 1833 864 premitur
1861 823 1892 852 et
1920 830 1997 864 gra-

161 890 267 919 vatur.
298 885 443 921 diligenti
473 894 692 930 pensaremus
722 883 877 915 examine
906 885 936 913 et
967 880 1006 914 ad
1036 882 1318 926 supportationem
1349 881 1493 924 ipsorum
1521 889 1658 912 onerum
1680 879 1828 923 flagitare
1857 879 2003 913 subsidia

161 945 360 979 subditorum
391 947 619 978 necessarium
648 946 849 989 putaremus.
881 952 938 987 pro
967 945 1060 987 parte
1090 940 1259 973 Carissimi
1290 942 1321 973 in
1352 939 1481 973 [bristo
1511 940 1564 973 lilii
1603 943 1706 973 nostri
1736 941 1844 973 (faroli
1874 940 2005 974 Roma-

161 1018 274 1040 norum
305 1010 334 1038 ct
364 1004 499 1038 Boemie
528 1004 632 1049 Regis
661 1003 798 1037 illustris
828 1002 884 1035 fuit
915 1005 1116 1048 propositum
1147 1005 1177 1035 in
1208 999 1415 1034 Consistorio
1445 1012 1556 1034 coram
1586 1001 1691 1037 nobis
1721 1001 1805 1047 qnod
1836 1006 1900 1034 tam
1922 1004 2003 1047 ipse.

162 1078 255 1113 quam
286 1067 374 1099 clare
403 1068 562 1099 memorie
589 1064 762 1098 johannes
792 1063 867 1097 Rex
899 1063 1032 1096 ssoemie
1061 1065 1193 1106 ,genitor
1221 1073 1312 1095 suus.
1343 1062 1416 1094 dmn
1446 1066 1563 1105 ageret
1592 1064 1622 1095 in
1653 1062 1815 1097 bumaniS.
1854 1072 1913 1107 pro
1941 1062 2005 1096 de-

162 1128 313 1161 fensione
342 1138 474 1160 suorum
503 1125 613 1170 Regni
646 1126 779 1159 l3oemie
808 1135 846 1158 ac
875 1123 1055 1157 Comitatus
1085 1122 1361 1166 Lucemburgen..
1379 1121 1581 1166 aliarumque
1611 1126 1767 1155 terrarum
1789 1133 1902 1156 eorum
1924 1133 2007 1169 pro-

162 1192 232 1235 prio
261 1187 405 1221 dominio
434 1186 654 1221 subiectarum
685 1197 723 1220 ac
753 1185 973 1218 ecclesiarum
1003 1184 1184 1218 incolarum
1214 1187 1247 1216 et
1274 1193 1490 1229 personarum
1520 1186 1549 1216 in
1580 1185 1629 1216 eis
1649 1187 1914 1226 consistentium,
1943 1194 2008 1229 que

163 1260 274 1282 eorum
306 1248 402 1282 emuli
432 1253 462 1281 et
491 1250 623 1281 inimici.
654 1257 792 1292 quorum
821 1248 919 1279 etiam
948 1246 1084 1279 nonnuli
1112 1244 1251 1278 Romani
1281 1244 1411 1278 fuerunt
1438 1243 1593 1287 rebelles,
1623 1244 1768 1278 ecclesie
1796 1244 1956 1278 invadere
1975 1248 2009 1278 et

162 1309 332 1343 offendere
360 1309 520 1343 hactenus
549 1307 755 1342 conabantur
792 1306 928 1353 plurima
963 1305 1134 1339 subierunt
1167 1315 1390 1350 expensarum
1428 1304 1588 1350 prossuvia
1623 1309 1656 1338 et
1691 1308 1835 1338 maxima
1869 1309 2008 1338 contra-

162 1374 283 1404 xerunt
311 1372 408 1403 ctiam
437 1380 539 1403 onera
569 1368 764 1402 debitorum.
795 1366 906 1408 Quare
935 1377 994 1413 pro
1023 1371 1117 1412 parte
1144 1369 1246 1412 ipsius
1275 1365 1383 1399 Caroli
1412 1365 1517 1410 Regis
1542 1364 1636 1399 nobis
1656 1364 1715 1399 fuit
1733 1364 1897 1399 humiliter
1923 1376 2008 1411 sup-

163 1431 316 1477 plicatum
346 1435 379 1464 ut
408 1441 466 1476 pro
495 1430 633 1463 faciliori
663 1431 905 1462 exoneratione
934 1426 1119 1460 huiusmodi
1149 1426 1333 1461 debitorum
1363 1431 1396 1460 et
1415 1426 1487 1460 aliis
1508 1425 1772 1461 incumbentibus
1791 1425 1851 1460 sibi
1872 1436 2007 1472 expen-

165 1502 274 1525 sarum
312 1490 467 1524 oneribus
502 1490 631 1524 facilins
668 1488 900 1536 supportandis
934 1487 1094 1521 decimam
1131 1491 1274 1521 omnium
1309 1487 1617 1521 ecclesiasticorum
1652 1491 1874 1533 proventuum
1911 1491 2008 1532 atque

165 1551 346 1585 reddituum
376 1554 407 1585 in
438 1551 556 1596 Regno
586 1550 749 1585 Comitatu
777 1554 809 1584 et
837 1550 910 1583 aliis
931 1548 1045 1582 Terris
1075 1548 1229 1593 predictis
1258 1550 1508 1582 consistentium
1538 1558 1644 1593 usque
1673 1548 1711 1581 ad
1733 1552 1857 1581 certum
1879 1552 2007 1593 tempus

166 1615 197 1646 ei
225 1612 413 1645 concedere
442 1611 483 1645 de
511 1615 671 1645 consueta
705 1610 902 1644 liberalitate
939 1608 1026 1643 sedis
1065 1608 1246 1655 apostolice
1280 1608 1502 1653 dignaremur.
1558 1607 1626 1641 Nos
1664 1610 1762 1651 igitur
1799 1607 2007 1641 attendentes

167 1673 377 1706 devotionem
407 1674 576 1713 eximiam,
605 1681 700 1717 quam
730 1670 836 1704 dictus
866 1670 1004 1704 Carolus
1033 1669 1110 1703 Rex
1138 1669 1178 1702 ad
1207 1680 1267 1703 nos
1296 1673 1328 1702 et
1356 1668 1538 1702 Romanam
1567 1668 1747 1715 predictam
1776 1672 1862 1713 gerit
1890 1668 2008 1702 eccle-

170 1736 262 1775 siam,
293 1737 323 1766 et
352 1732 437 1778 quod
466 1732 575 1777 Regni
604 1737 637 1766 et
666 1731 847 1765 Comitatus
876 1742 915 1764 ac
944 1730 1120 1764 Terrarum
1149 1729 1370 1776 predictorum
1399 1728 1549 1762 defensio
1585 1732 1617 1763 in
1654 1729 1853 1775 prefatarum
1891 1730 2007 1763 eccle-

169 1796 290 1827 siarum
319 1797 348 1826 et
378 1793 682 1827 ecclesiasticarum
712 1802 928 1838 personarum
957 1794 989 1824 in
1019 1794 1067 1824 eis
1095 1792 1346 1824 consistentium
1376 1792 1543 1823 tuitionem
1579 1794 1611 1823 et
1646 1789 1852 1823 commodum
1881 1789 2008 1824 redun-

169 1853 271 1887 davit.
302 1864 341 1887 ac
369 1856 540 1899 cupientes
569 1857 632 1886 tam
663 1852 808 1886 ecclesie
836 1851 989 1886 Romane
1017 1862 1112 1898 quam
1143 1849 1252 1885 Caroli
1281 1850 1385 1895 Regis
1415 1850 1638 1897 predictorum
1657 1850 1916 1885 necessitatibus
1945 1861 2007 1885 su-

170 1914 326 1960 pradictis
363 1925 422 1960 per
459 1913 710 1947 subventionem
745 1913 939 1946 decimalem
977 1912 1162 1946 huiusmodi
1198 1911 1382 1956 aliqualiter
1415 1911 1605 1957 providere.
1641 1911 1876 1945 deliberatione
1909 1922 2009 1957 super

171 1974 233 2009 hoc
262 1986 335 2008 cum
372 1974 528 2008 fratribus
565 1977 688 2008 nostris
723 1973 892 2019 prehabita
929 1973 1089 2018 diligenti‚
1127 1972 1287 2006 decimam
1323 1974 1465 2006 omnium
1501 1971 1683 2005 reddituum
1721 1974 1754 2005 et
1788 1975 2007 2017 proventuum

171 2035 474 2069 ecclesiasticorum
503 2037 535 2068 in
563 2034 684 2079 Regno
712 2033 875 2068 Comitatu
910 2038 943 2067 et
975 2033 1047 2068 aliis
1082 2036 1179 2067 terris
1213 2032 1370 2078 predictis
1405 2035 1653 2066 consistentium
1691 2043 1750 2078 per
1785 2035 1961 2066 triennium
1989 2043 2008 2066 a

172 2095 259 2129 festo
288 2095 522 2140 penthecostes
550 2097 702 2140 proxime
729 2094 838 2128 futuro
866 2096 997 2128 inantea
1026 2093 1279 2140 computandum
1308 2092 1349 2126 ab
1378 2093 1529 2127 omnibus
1566 2098 1598 2127 et
1633 2093 1771 2138 singulis
1806 2092 2008 2139 Archiepis-

172 2158 265 2201 copis
294 2155 469 2202 Episcopis
497 2159 528 2189 et
557 2154 694 2188 Prelatis
722 2166 761 2188 ac
790 2155 863 2188 aliis
891 2158 1043 2201 personis
1071 2155 1309 2188 ecclesiasticis
1338 2153 1598 2199 quibuscumque
1626 2153 1830 2188 secularibus
1850 2158 1882 2187 et
1900 2165 2008 2199 regu-

175 2215 294 2250 laribus
324 2219 488 2262 exemptis
517 2219 549 2249 et
576 2226 641 2248 non
670 2218 832 2261 exemptis
860 2217 892 2249 in
921 2214 1042 2260 Regno
1072 2214 1234 2248 Comitatu
1262 2219 1292 2248 ei
1329 2215 1401 2249 aliis
1439 2218 1534 2248 terris
1562 2214 1758 2260 supradietis
1794 2214 1942 2248 redditus
1977 2219 2011 2248 et

175 2283 355 2322 proventus
396 2275 580 2309 huiusmodi
629 2274 852 2309 obtinentibus
896 2277 1133 2320 cuiuscumque
1173 2275 1361 2319 dignitatis,
1399 2274 1542 2318 ordinm,
1579 2278 1683 2309 status
1721 2275 1775 2308 vel
1811 2274 2010 2309 conditionis

175 2340 333 2379 existant,
362 2336 479 2382 quibus
508 2340 562 2370 aut
589 2346 703 2370 eorum
731 2336 827 2369 alicui
855 2336 941 2370 nulla
969 2336 1144 2382 privilegia
1172 2335 1226 2369 vel
1254 2335 1476 2380 indulgentias
1504 2333 1564 2368 sub
1592 2345 1797 2381 quacumque
1830 2334 2009 2368 verborum

177 2396 278 2431 l'orma
309 2396 362 2430 vel
391 2399 610 2442 expressione
638 2398 810 2429 concessis
838 2407 901 2441 quo
930 2396 969 2429 ad
998 2395 1063 2429 hoo
1090 2396 1253 2430 voluimus
1281 2395 1454 2440 suffragari
1488 2399 1696 2441 preterquam
1726 2394 1766 2429 ab
1786 2394 1908 2428 eisdem
1937 2393 2010 2429 fra-

178 2457 277 2491 tribus
307 2459 427 2490 nosti-is
451 2460 566 2490 sancte
593 2455 743 2489 Romane
774 2459 919 2489 ecclesie
947 2454 1177 2490 Cardinalibus
1198 2455 1413 2498 Monasterizn
1437 2455 1614 2498 prioratus,
1635 2460 1832 2501 personatus
1852 2460 1883 2489 et
1902 2454 2009 2490 officia

179 2517 401 2551 Canonicatus
427 2521 459 2550 et
488 2514 687 2562 prebendas,
724 2515 899 2560 dignitates
927 2527 984 2550 seu
1023 2516 1085 2550 alia
1122 2515 1282 2550 beneficia
1321 2516 1549 2549 ecclesiastica
1583 2526 1789 2562 quecumque
1823 2526 1896 2549 cum
1931 2526 2009 2549 eura
