2206 2735
1042 45 1118 99 σο,

1025 158 1134 192 215.

890 236 948 270 10.
980 238 1117 280 Auyust
1151 235 1259 270 1353.

289 306 529 369 Nlurgaretlm
565 324 749 369 abbatissa,
788 323 970 357 Gerdrudis
1001 326 1173 369 priorissa,
1213 322 1382 356 Elisabeth
1413 327 1595 357 cameraria
1631 328 1785 369 totusque
1814 328 2001 357 conuentus

154 389 343 422 monasterii
379 389 484 420 sancti
521 386 637 419 Jncobi
675 385 800 419 ordinis
836 396 863 418 s.
905 385 1084 429 Augustini
1122 388 1152 418 in
1188 384 1290 417 l'undo
1327 385 1471 417 ciuitatis
1502 384 1651 418 Olomuc.
1686 387 1739 419 siti
1781 383 1822 408 ’-
1860 386 1892 417 in
1927 384 2001 417 villa

154 448 277 482 ctu-vai
309 448 393 481 bonu
423 459 441 480 a
472 447 570 481 nobili
601 447 733 479 domino
763 446 918 479 Oussone
948 445 1011 479 lilio
1041 445 1162 478 domini
1194 444 1315 478 Sillridi
1345 443 1509 489 quondam
1539 444 1580 478 de
1607 444 1721 489 Longa
1752 445 1827 480 villa
1863 447 2002 478 emimus

155 529 196 534 --
230 508 381 542 dominus
411 508 585 541 Butlislaus
616 506 723 541 Olom.
755 507 900 540 ecclesie
929 509 1076 540 vicarius
1107 506 1226 539 ibidem
1257 508 1287 539 in
1319 504 1463 539 Cliarvat
1500 515 1597 538 unum
1627 510 1660 539 et
1689 505 1830 539 mediam
1859 516 2004 539 marcam

153 580 274 604 census
311 572 388 602 emit
423 567 596 602 nobiscum
635 571 667 601 et
701 567 742 600 de
779 566 841 600 boc
870 577 975 600 ceusu
1005 577 1102 600 uuam
1133 577 1277 599 marcam
1307 565 1452 599 ecclesie
1481 564 1588 599 Olom.
1623 568 1653 600 in
1683 569 1915 601 anniuersario
1945 577 2004 601 suo

153 630 277 675 legauit
310 650 350 654 -
385 628 470 676 quod
501 627 769 674 comprobamus.
802 647 843 652 —
876 627 930 661 Dt.
964 627 1061 662 1353
1096 626 1148 660 die
1178 637 1205 660 s.
1236 625 1422 660 Laurencii.

461 699 515 731 (Ex
540 699 611 732 orig.
636 699 663 724 iu
688 698 766 725 areli.
793 698 912 732 capituli
939 698 1030 723 Oloin.
1060 697 1183 723 extraxit
1207 697 1276 724 Ant.
1305 693 1424 733 uos-ek.)

1028 835 1136 870 219.

154 916 303 951 Jolumn.
335 914 521 959 ,llnrquras
542 926 606 948 von
636 914 793 953 Malu-eu,
824 912 947 957 besreit
976 913 1030 946 die
1059 912 1200 958 Iylauer
1229 924 1344 958 weyen
1380 915 1475 947 eines
1505 913 1663 947 Brundes
1692 913 1788 947 ihrer
1816 913 1921 948 stadt
1950 915 2015 957 ans

439 977 518 1019 seins
540 975 650 1008 Jahre
681 987 742 1009 vote
772 974 863 1008 allen
894 973 1075 1019 Abyaben.
1120 974 1178 1007 Dc.
1212 974 1330 1007 Bre'c'mc
1361 974 1419 1008 11.
1449 974 1582 1019 Auynst
1614 974 1723 1008 1353.

311 1042 399 1096 Nos
428 1062 600 1097 Johannes
630 1061 692 1096 Dei
720 1064 836 1106 gracia
874 1060 1023 1096 Marchio
1060 1060 1212 1095 Morauie
1247 1061 1368 1095 Notum
1404 1061 1545 1096 facimus
1583 1064 1773 1106 vniuersis‚
1811 1062 1897 1108 quod
1935 1072 2009 1096 cum

158 1126 366 1169 permittente
395 1122 568 1157 Altissimo
599 1122 724 1156 Ciuitas
754 1120 877 1156 Nostra
906 1121 1032 1167 Iglauia
1062 1121 1123 1156 liiis
1153 1125 1306 1168 proxime
1336 1125 1504 1168 preteritis
1541 1121 1658 1157 dicbus
1694 1133 1755 1169 per
1789 1125 1876 1168 ignis
1904 1133 2012 1157 vora-

157 1186 269 1227 ginem
298 1185 347 1217 sic
377 1183 520 1217 totaliter
548 1183 723 1217 deuastata
761 1182 824 1216 beu
855 1187 886 1217 et
924 1181 1158 1216 miserabiliter
1196 1187 1314 1216 exusta
1351 1182 1421 1217 Nos
1457 1194 1500 1217 ex
1538 1185 1649 1216 innata
1685 1182 1790 1218 Nobis
1829 1184 2012 1218 clemencia

160 1244 274 1278 incolis
303 1246 407 1290 ipsius
437 1244 587 1278 Ciuitatis
616 1248 729 1279 nostre
758 1255 860 1289 super
887 1243 1074 1277 huiusmodi
1103 1243 1253 1289 dampnis
1282 1248 1315 1278 et
1344 1243 1561 1278 incommodis
1582 1246 1650 1278 suis
1669 1243 1848 1290 prebentes
1870 1247 2012 1278 animum

161 1306 418 1350 compassiuum,
448 1303 491 1339 Vt
521 1316 651 1351 quoque
680 1304 797 1339 eadem
827 1303 952 1339 Ciuitas
981 1308 1092 1338 nostra
1120 1304 1333 1338 reedificetur
1361 1315 1400 1338 ac
1427 1304 1467 1338 ad
1487 1308 1606 1339 statum
1626 1307 1799 1350 pristinum
1823 1304 2011 1347 reducatur,

160 1365 199 1398 de
228 1363 369 1398 fidelium
400 1370 588 1399 nostrorum
617 1366 883 1399 consiliariorum
913 1366 1052 1399 consilio
1081 1364 1233 1400 fidelibus
1262 1367 1386 1400 nostris
1415 1365 1544 1400 dilectis
1570 1364 1692 1409 Judici‚
1719 1365 1844 1401 Juratis
1866 1377 1905 1400 ac
1925 1364 2012 1400 Vni—

161 1428 308 1459 uersitati
338 1425 464 1459 Cinium
496 1425 645 1459 Ciuitatis
676 1425 806 1472 prefate
835 1430 867 1459 et
896 1426 1089 1472 specialiter
1116 1426 1232 1462 Judeis
1261 1429 1364 1472 ipsius
1393 1426 1543 1461 Ciuitatis
1573 1425 1714 1460 Camere
1747 1431 1863 1461 nostre
1892 1429 2012 1470 seruis,

161 1488 214 1532 qui
243 1497 329 1519 nunc
359 1490 435 1519 sunt
464 1490 517 1519 aut
546 1498 605 1532 pro
635 1490 784 1532 tempore
821 1485 953 1530 fuerint,
990 1486 1121 1533 plenam
1155 1486 1194 1521 ab
1230 1487 1383 1522 omnibus
1421 1486 1578 1522 censibus
1612 1486 1764 1532 losungis
1798 1489 1947 1532 angariis
1982 1492 2015 1521 et

161 1549 320 1592 precariis
350 1550 381 1579 ct
409 1545 562 1580 subsidiis
591 1546 840 1592 quibuscunque
870 1550 975 1580 eciam
1005 1552 1170 1581 vocentur
1197 1547 1384 1582 nominibus
1413 1547 1539 1582 Damus
1561 1547 1601 1581 ab
1628 1550 1762 1583 instanti
1789 1547 1878 1582 festo
1899 1547 2014 1581 Sancti

162 1607 324 1640 Joliannis
355 1606 500 1652 Raptiste
529 1606 568 1640 ad
598 1610 740 1653 quinque
769 1619 875 1642 anuos
904 1611 1060 1642 continuo
1089 1609 1328 1655 computandos
1349 1609 1478 1655 plenam
1499 1613 1533 1643 et
1552 1609 1774 1643 omnimodam
1797 1610 2012 1643 concedimus

162 1667 355 1701 libertatem.
385 1666 545 1700 Volentes
575 1678 740 1713 expresse
769 1672 801 1701 et
830 1667 1052 1703 decernentes
1082 1669 1176 1710 Quod
1208 1669 1386 1715 supradicti
1417 1668 1516 1704 Ciues
1547 1681 1610 1703 nec
1638 1679 1704 1703 nou
1734 1673 1766 1703 et
1793 1668 1889 1703 Judei
1910 1673 2013 1704 nostri

163 1727 346 1761 huiusmodi
377 1732 489 1760 nostra
519 1726 671 1761 libertate
699 1727 836 1762 durante
866 1728 905 1762 ab
935 1729 1087 1764 omnibus
1117 1730 1311 1764 dacionibus
1348 1732 1550 1776 pecuniariis
1587 1729 1681 1764 nobis
1719 1729 1861 1764 Camere
1900 1735 2015 1765 nostre

163 1794 217 1822 aut
246 1787 447 1821 Oll'icialibus
476 1788 620 1834 quolibet
649 1789 817 1823 soluendis
847 1789 940 1823 liberi
970 1793 1035 1825 sint
1063 1794 1192 1836 penitus
1221 1796 1253 1825 et
1281 1795 1439 1837 exempti.
1471 1792 1507 1825 Si
1536 1794 1607 1837 quis
1628 1802 1710 1826 vero
1731 1796 1846 1826 contra
1866 1796 2014 1826 nostram

165 1849 349 1885 libertatem
378 1849 463 1882 dicte
492 1851 615 1883 ciuitati
644 1853 679 1882 vt
709 1850 872 1895 prefertur
901 1862 1099 1885 concessam
1128 1855 1325 1897 attemptare
1354 1851 1475 1898 aliquid
1504 1856 1558 1885 aut
1586 1854 1677 1886 ciues
1699 1852 1754 1886 vel
1779 1851 1895 1886 iudeos
1915 1862 2015 1898 super

165 1921 268 1943 censu
298 1909 350 1942 vel
381 1920 576 1954 quocunque
606 1911 770 1942 iuuamine
799 1913 968 1955 requirere
998 1915 1248 1958 presumpserit„
1278 1915 1306 1946 is
1335 1915 1407 1959 ipso
1437 1912 1524 1946 facto
1554 1917 1701 1947 nostram
1731 1923 1767 1947 se
1795 1915 1927 1946 nouerit
1956 1914 2011 1946 in—

166 1969 398 2014 dignacionem
427 1971 620 2003 incurrisse.
653 1969 775 2003 Harum
805 1975 992 2005 nostrarum
1022 1975 1108 2006 serie
1138 1978 1170 2006 et
1199 1976 1387 2008 testimonio
1415 1973 1596 2007 literarum.
1639 1973 1759 2007 Datum
1795 1972 1907 2008 Brune
1935 1972 2011 2007 Do-

167 2033 285 2064 minica
318 2029 476 2075 Respice.
509 2030 607 2062 Anno
638 2029 768 2063 Domini
799 2029 973 2064 millesimo
1003 2036 1239 2067 trecentesimo
1268 2037 1519 2079 quinqagesiino
1549 2037 1664 2068 tercio.

476 2096 570 2137 (Orig.
597 2100 647 2124 mit
672 2100 708 2126 kl.
735 2100 761 2125 li.
787 2100 857 2133 Sigil
883 2101 918 2125 ini
946 2101 1071 2128 Archive
1097 2103 1249 2129 (li-rselben
1274 2106 1358 2130 stadt
1382 2106 1479 2139 kopirt
1502 2114 1557 2131 von
1582 2106 1649 2130 Ant.
1676 2104 1794 2137 ssoeek.)

1044 2231 1151 2266 2219.

171 2307 290 2351 Hynelz·
320 2307 434 2340 Berlin
463 2318 527 2340 eon
561 2306 658 2339 Dalm
687 2306 845 2353 hesternit,
874 2308 955 2341 dass
983 2319 1022 2341 er
1050 2310 1103 2342 die
1132 2310 1227 2354 Bury
1248 2310 1457 2344 Holeenslez'n
1486 2321 1549 2344 von
1580 2311 1620 2344 K.
1642 2311 1732 2344 Karl
1752 2310 1814 2344 IV.
1834 2321 1875 2344 zu
1900 2309 2014 2344 Lelten

645 2367 801 2400 erlmlten
829 2368 926 2402 habe.
963 2368 1021 2403 DC.
1054 2370 1146 2414 Pray
1179 2369 1236 2403 16.
1268 2371 1405 2415 Auyust
1436 2370 1545 2405 1353.

324 2434 412 2488 Nos
441 2454 548 2488 Hiuco
578 2454 617 2488 de
647 2453 740 2487 Duba
770 2453 876 2488 dictus
908 2455 1016 2489 Berka
1044 2459 1154 2489 notum
1185 2455 1324 2490 facimus
1354 2459 1520 2490 universis
1549 2461 1720 2502 presentes
1741 2456 1854 2491 literas
1875 2458 2014 2502 inspec-

172 2516 262 2548 turis.
294 2513 386 2555 Quod
417 2525 478 2548 uos
508 2519 634 2549 maturo
663 2514 799 2548 consilio
829 2526 903 2549 cuin
933 2519 1046 2549 amicis
1075 2519 1197 2551 nostris
1227 2516 1398 2562 prehabito
1427 2517 1467 2551 de
1501 2516 1588 2551 bona
1627 2529 1666 2551 ac
1702 2517 1805 2551 libera
1842 2517 2013 2552 voluntate
