2206 2735
1062 67 1133 100 176

172 188 291 220 cionis.
333 183 581 217 l'uriticaciouis
617 187 716 227 atquc
758 183 1043 216 Annuiu=i=u=i0nis
1073 182 1292 226 prenominati
1322 178 1483 213 duntaxat
1512 180 1657 223 majores
1687 177 1840 211 undecim
1869 175 2024 211 Mansio—

173 249 255 280 nnrii
291 255 364 277 cum
396 244 598 277 l'recentore
633 254 691 289 pro
726 242 867 288 qualibet
908 246 1052 287 ipsarum
1093 242 1308 275 festivitatum
1343 250 1441 273 nuum
1479 251 1632 283 grossum
1663 250 1722 273 scu
1752 249 1853 272 unum
1884 238 2022 272 solidum

175 306 343 339 linteus-cm
374 304 413 337 ad
447 304 654 338 otl'ereudum
683 314 756 337 cum
787 305 966 336 t'unonicis
996 305 1025 336 in
1055 313 1180 335 summa
1210 301 1312 335 Missa
1344 311 1404 348 pro
1434 301 1609 334 ()ll'crtorio
1640 304 1793 334 tenentur
1813 304 1842 332 et
1864 298 2026 333 deberent

174 366 308 400 hahere.
347 364 428 399 Item
469 366 631 411 disposuit
660 369 690 398 et
719 365 895 399 ordinavit.
927 368 959 396 ut
990 367 1019 397 in
1051 375 1110 397 suo
1140 365 1370 396 ninniven-sario
1405 364 1675 406 quociescumque
1706 363 1863 394 veniente
1891 362 2023 405 triginta

174 427 236 459 duo
266 428 378 470 grossi
409 425 684 459 distriluwrcutur
714 428 776 457 isto
806 424 913 457 niodo.
958 423 1064 457 l‘rimo
1094 422 1272 468 majoribus
1303 422 1540 456 Mans-ionariis
1569 433 1627 467 pro
1657 424 1767 455 missis
1797 420 2024 454 defunctorum

173 486 245 520 ΧΗ.
276 498 428 530 grossos.
460 486 641 519 minorihus
672 497 754 519 vero
785 497 842 530 pro
874 485 996 529 xigiliis
1026 496 1087 518 sex
1117 496 1269 528 grossos.
1301 486 1375 516 itciu
1407 494 1465 529 pro
1496 481 1669 516 luminibus
1699 482 1779 515 duos
1813 491 1956 525 grossos
1992 486 2025 515 et

173 547 212 581 ad
246 547 448 581 otl'crtoriuui
487 551 517 580 iu
555 550 653 580 missa
691 546 918 579 tlt¹l'tttlt·l·:1'unl
965 545 1210 578 clnlomadariis
1249 544 1401 578 Ecclcsic
1437 544 1586 576 similiter
1622 543 1702 576 duos
1740 554 1899 587 grossos3
1943 542 2023 576 Item

176 608 245 642 xil.
278 607 454 652 egentibus
479 607 689 653 Prcstqicris
719 607 835 640 eodeni
867 606 919 639 dic
949 609 1067 639 missas
1098 617 1156 652 pro
1187 607 1295 638 anima
1326 604 1434 637 sauiuli
1458 604 1569 637 dicere
1590 602 1777 636 volentibus
1803 614 1862 636 sex
1884 613 2024 647 grossos

172 671 278 702 eciam
310 668 378 701 dari
410 668 522 701 voluit.
563 668 702 713 Insuper
732 667 929 700 Sacristauo
963 669 1149 712 quicunque
1187 665 1282 698 suci-u
1314 670 1428 698 nostre
1459 664 1620 697 Sacristic
1650 663 1676 696 ll
1708 675 1846 708 grossos
1875 667 1907 696 et
1936 675 2024 709 pau-

171 728 306 775 peribus
344 732 562 762 communiter
597 727 747 761 omuibus
784 732 860 761 autc
898 727 988 761 sores
1019 726 1174 760 Ecclesic
1204 725 1397 760 sedentibus
1428 724 1456 758 ll
1485 736 1624 770 grossos
1659 734 1718 770 pro
1748 734 1843 770 panc.
1899 724 2022 758 Harum

173 794 280 823 autem
319 791 562 822 exccucionem
604 788 808 831 l‘r‹=c·:nt‹›1·i‚
844 791 897 835 qui
935 800 994 835 pro
1028 792 1176 833 tempore
1211 786 1310 820 suci-it
1343 786 1396 819 vel
1436 788 1529 819 vices
1558 786 1630 829 ejus
1659 787 1789 829 gerenti
1818 788 2025 819 committere

173 850 275 884 voluit
313 855 342 883 ct
380 849 557 895 adoptmit,
598 854 631 883 ut
669 852 751 883 sicut
790 849 828 883 ad
866 853 971 895 ipsum
1010 848 1214 894 gubernacio
1251 847 1474 894 predictorum
1512 844 1673 879 bonorum
1704 848 1746 879 ita
1776 850 1807 878 et
1836 844 2025 880 distrihucio

173 914 317 957 ipsarum
347 910 482 943 duarum
513 922 761 953 sexagcnarum
792 909 979 943 omnimode
1008 912 1199 956 pertineret,
1231 908 1336 941 eidcni
1368 920 1427 954 pro
1448 909 1515 941 suis
1537 905 1704 940 laboribus
1725 911 1865 951 quatuor
1885 916 2024 951 grossos

172 971 324 1005 residuos
363 971 561 1017 deputando.
601 970 789 1004 Laudantes
826 973 924 1015 igitur
958 969 1074 1017 prefati
1112 968 1229 1002 Clerici
1269 968 1345 1002 dicti
1375 967 1502 1001 bloravi
1533 967 1766 1008 devocionem,
1805 970 2024 1012 empcimem,

174 1031 405 1065 donacionem.
437 1031 695 1077 disposicionem
726 1035 823 1078 atque
853 1033 1083 1073 testaciouem,
1114 1035 1147 1064 ut
1177 1029 1401 1076 preferuntur.
1430 1028 1590 1074 simulque
1620 1032 1688 1061 rata
1719 1032 1820 1074 atque
1840 1032 1934 1072 grata
1964 1027 2028 1062 ba-

173 1091 289 1125 bentes
326 1095 602 1136 recognoscimus
641 1097 673 1125 ct
711 1096 943 1138 protostaumr.
982 1102 1043 1125 nos
1083 1091 1189 1125 eidem
1227 1090 1358 1124 Clerico
1393 1093 1424 1123 in
1464 1088 1590 1122 duabus
1619 1091 1804 1133 sexagenis
1833 1099 2027 1133 grossorum

175 1152 383 1185 denariorum
422 1151 637 1197 Pragcnsiuni
674 1156 778 1186 teneri
815 1157 846 1186 et
880 1152 1020 1198 obligari
1055 1157 1086 1185 et
1123 1154 1340 1198 promittimus
1377 1150 1460 1184 bona
1499 1149 1562 1183 fide
1600 1152 1672 1183 sine
1707 1152 1794 1182 omni
1832 1149 1906 1182 dolo
1936 1152 2027 1196 ipsas

174 1213 256 1246 duas
293 1222 484 1257 sexagenas
523 1211 583 1246 sihi
617 1213 750 1246 solvere
785 1216 815 1246 in
855 1215 1001 1247 terminis
1044 1215 1225 1258 prenotatis
1268 1214 1421 1258 oninique
1463 1209 1733 1244 contradiccione
1776 1210 1889 1256 procul
1927 1214 2027 1253 mota,

175 1276 238 1308 nisi
268 1277 345 1307 tunc
374 1273 499 1319 prefixa
521 1273 619 1317 hona,
650 1274 803 1320 quodque
825 1273 919 1317 absit‚
950 1285 1010 1320 per
1030 1276 1116 1318 ignis
1137 1275 1346 1318 voraginem,
1378 1274 1574 1314 siccitatem,
1603 1281 1759 1315 gverram
1781 1274 1812 1303 et
1831 1269 2028 1315 grandinem

177 1346 219 1369 ex
248 1334 371 1368 Divina
407 1337 629 1380 permissione
666 1334 785 1369 suerint
823 1334 999 1369 evidenter
1036 1334 1208 1368 devastata
1239 1337 1271 1367 et
1299 1333 1482 1375 destructa,
1519 1334 1552 1366 in
1587 1341 1652 1376 quo
1690 1341 1771 1364 casu
1807 1331 1960 1365 nolumus
1989 1330 2029 1364 ad

176 1394 382 1430 solucionem
413 1393 636 1440 predictorum
666 1395 817 1440 obligari.
849 1394 1087 1430 Submittentes
1116 1406 1177 1430 nos
1206 1399 1325 1440 sponte
1354 1398 1451 1440 atque
1481 1392 1636 1426 benivole
1665 1394 1760 1438 penis
1781 1396 1813 1425 et
1833 1393 2027 1434 sentenciis,

177 1467 259 1503 quas
287 1454 449 1489 Dominus
469 1454 627 1489 Decanns
658 1454 839 1501 I’ragensis
859 1456 1028 1499 Bootes-ie,
1060 1459 1111 1502 qui
1141 1467 1200 1502 pro
1230 1460 1378 1501 tempore
1407 1453 1516 1496 suerit,
1546 1456 1577 1487 in
1608 1464 1667 1487 nos
1697 1452 1829 1487 duxerit
1857 1452 2028 1496 serendas,

179 1519 207 1552 si
236 1518 383 1551 terminis
413 1515 542 1549 indictis
572 1520 626 1549 aut
655 1516 726 1550 aliis
754 1520 900 1564 ipsorum
929 1517 1135 1562 finaliterque
1164 1516 1248 1550 infra
1278 1515 1525 1562 quatuordecim
1557 1514 1626 1549 dies
1655 1516 1747 1561 ipsos
1777 1516 1935 1547 terminos
1964 1516 2030 1546 im-

178 1576 321 1612 mediate
351 1580 601 1622 consequentes
632 1575 762 1610 Clerico
787 1579 854 1621 jam
885 1577 973 1611 dicto
1002 1588 1067 1611 non
1098 1577 1298 1612 solverimus
1328 1580 1359 1610 ct
1388 1576 1637 1622 expleverimus
1671 1586 1774 1609 onera
1809 1579 1841 1608 et
1870 1576 2029 1621 pecunias

179 1642 380 1672 memoratas
409 1664 415 1671 .
447 1636 571 1670 Harum
601 1637 769 1671 literarum
807 1640 994 1672 testimonio
1029 1641 1135 1672 nostri
1171 1637 1268 1682 sigilli
1305 1638 1484 1671 munimine
1518 1638 1722 1680 signatarum
1753 1663 1760 1669 .
1791 1634 1911 1669 Datum
1943 1645 2030 1668 anno

181 1698 313 1733 Domini
341 1697 514 1732 millesimo
543 1700 778 1731 trecentesimo
807 1701 1081 1744 quinquagesimo
1111 1700 1215 1732 tercio
1244 1700 1277 1731 in
1305 1696 1358 1731 die
1388 1696 1502 1730 Sancti
1532 1695 1616 1730 Galli
1645 1694 1874 1730 Consessoris.

489 1783 705 1821 (Dobn.n1m„
732 1785 787 1810 11L
812 1783 900 1822 35⁷)

1053 1930 1161 1966 230.

184 2019 258 2053 Der
286 2017 473 2052 Stadtrath
500 2028 565 2051 von
594 2017 711 2051 Brzlrm
738 2018 856 2050 weiset
883 2016 947 2050 den
974 2017 1190 2061 offentlichen
1208 2017 1341 2051 Dirnen
1369 2018 1442 2051 vz'er
1470 2017 1658 2051 bestimmte
1677 2016 1815 2051 Hanser
1840 2017 1884 2049 im
1905 2015 2030 2050 Innern

715 2078 776 2112 der
805 2076 909 2111 Stadt
937 2088 992 2110 an.
1022 2077 1080 2111 Dt.
1114 2077 1171 2111 19.
1203 2077 1354 2112 Oktober
1386 2077 1498 2112 1353.

340 2153 446 2221 Quia
476 2173 634 2207 Mulieres
663 2184 749 2217 uage
778 2183 842 2218 que
870 2177 965 2206 extra
996 2171 1168 2206 ciuitatem
1196 2175 1226 2206 in
1256 2177 1367 2207 monte
1396 2172 1612 2220 purcelpuhel
1648 2171 1688 2206 ab
1718 2174 1851 2217 antiquo
1880 2171 2031 2205 residere

186 2238 219 2268 et
245 2244 411 2268 exercere
448 2235 635 2267 meretricia
671 2232 827 2267 hincinde
864 2232 983 2267 ibidem
1017 2233 1231 2268 discurrendo
1260 2238 1519 2277 eonsueuerunt,
1561 2243 1620 2279 per
1656 2232 1819 2266 dominam
1854 2231 2030 2266 Marchio-

187 2298 324 2339 nissam,
354 2305 418 2340 que
447 2293 581 2328 Ciuibus
610 2293 672 2327 hoc
702 2293 879 2337 mandauit,
909 2298 984 2328 sunt
1010 2293 1156 2340 repulse.
1187 2293 1264 2328 Ideo
1293 2306 1367 2328 cum
1398 2293 1589 2339 frequenter
1616 2293 1738 2339 puliani
1772 2293 1849 2327 mali
1877 2292 2030 2326 homines

186 2359 220 2389 et
247 2354 338 2388 fures
377 2357 410 2388 in
445 2354 571 2388 eisdem
610 2354 759 2388 domibus
788 2357 937 2400 recipere
967 2365 1004 2389 se
1033 2359 1294 2389 consvveuerunt
1321 2365 1381 2400 per
1410 2365 1494 2400 quos
1522 2354 1577 2397 illi,
1612 2357 1664 2400 qui
1693 2354 1848 2389 mulieres
1878 2352 2031 2387 accede-

186 2414 263 2449 bant
295 2418 409 2461 sepius
445 2414 597 2449 vestibus
635 2420 667 2448 et
704 2426 817 2448 eorum
846 2418 986 2461 pecunia
1015 2415 1255 2462 spoliabantur,
1283 2414 1534 2450 wlnerabantur
1562 2418 1594 2448 et
1622 2425 1751 2461 quoque
1779 2413 2030 2457 occidebantur,

187 2474 286 2509 Ciues
315 2475 413 2510 dictis
442 2475 592 2509 domibus
622 2480 717 2508 extra
747 2474 919 2509 Ciuitatem
949 2479 1103 2509 crematis
1123 2481 1155 2510 et
1175 2476 1366 2510 mulieribus
1397 2487 1439 2509 ne
1468 2475 1509 2509 de
1537 2479 1650 2509 cetero
1679 2475 1796 2509 ibidem
1826 2478 1857 2508 in
1873 2474 2032 2521 purczel-

185 2534 282 2581 puhel
318 2535 405 2569 facta
442 2547 502 2570 sua
539 2536 673 2579 faciant,
709 2535 878 2581 prohibitis
913 2536 1148 2570 ordinaueruut
1182 2541 1323 2582 quatuor
1358 2536 1474 2570 domos
1509 2538 1540 2570 in
1571 2535 1711 2570 Ciuitate
1740 2538 1772 2569 iu
1801 2535 1909 2581 platea
1938 2533 2031 2568 Boe-
