2206 2735
1006 48 1054 80 ΗΟ

93 165 273 200 montibus.
312 164 431 210 planis.
467 160 621 198 collibus,
658 159 800 195 vallibus
841 164 873 193 et
908 159 979 193 aliis
1016 162 1084 193 suis
1119 161 1326 205 pertinentiis
1361 162 1530 194 universis
1574 170 1637 193 nec
1670 169 1737 193 non
1774 161 1893 194 vineas
1930 162 1962 193 in

93 229 212 260 minori
241 224 414 269 Nempzitz
442 233 517 256 cum
548 221 730 256 earundem
761 223 934 254 vinearum
965 231 1004 254 ac
1034 223 1224 254 nmnitionis
1253 220 1457 266 Oppidorum
1487 225 1520 254 et
1548 219 1710 254 Villarum
1739 220 1962 266 predictarum

93 286 193 333 pleno
223 289 306 326 iure,
344 286 559 330 proprietate.
596 294 635 316 ac
672 282 817 315 dominio
853 292 912 327 pro
948 283 997 314 eis
1031 283 1170 326 pecunia
1207 285 1317 314 nostra
1355 281 1523 326 personali
1562 284 1685 314 nostris
1723 283 1812 314 circa
1851 280 1962 315 Sere-

94 350 250 381 nissimos
279 345 432 378 dominos
453 344 568 388 Reges
590 343 738 384 Boemie,
760 341 974 375 marchiones
994 341 1159 381 llloravie,
1189 341 1336 386 aliosque
1366 341 1538 387 Principes
1561 345 1717 376 serviciis
1739 345 1772 375 et
1792 341 1964 377 laboribus

94 409 268 453 aequisite,
299 405 340 439 do
369 405 508 452 speciali
540 405 670 448 Regum
701 408 734 437 et
762 402 992 436 Marcbionum
1021 406 1168 449 ipsorum
1197 413 1365 436 consensu
1394 407 1427 436 et
1462 403 1647 446 voluntate,
1677 405 1962 448 comparavimus,

93 467 202 505 vobis,
232 465 440 500 Monasterio
470 470 585 499 vestro
616 464 766 511 predicto
797 466 828 497 in
859 463 920 496 Dei
950 466 1084 497 nomino
1112 462 1243 505 damus,
1273 462 1494 505 conferimus,
1532 462 1712 497 liberaliter
1740 467 1773 497 et
1803 463 1965 498 donamus

93 539 154 575 per
182 527 423 562 Monnsterium
454 530 560 572 ipsum
591 537 630 559 ae
661 536 719 570 per
747 535 810 558 vos
841 523 970 557 scilicet
998 522 1215 556 Abbatissam
1244 528 1278 556 et
1306 523 1517 557 Oonventum
1537 526 1592 568 qui
1617 527 1694 557 sunt
1714 526 1820 569 etqui
1842 523 1966 557 suerint

94 599 154 635 pro
184 593 335 634 tempore
365 588 404 622 ad
435 587 585 621 Mensam
615 590 767 619 vestram
799 596 859 619 seu
888 595 949 629 pro
978 586 1220 618 sustentatione
1248 584 1413 630 corporali
1434 583 1577 617 tenenda
1600 582 1753 617 babenda
1775 583 1964 618 utisruenda

94 654 127 684 et
155 652 327 695 perpetuis
356 648 562 694 temporibus
593 647 733 693 pacitice
763 644 967 692 possidenda
997 647 1027 678 iu
1058 647 1107 678 ius
1137 648 1169 678 et
1197 647 1433 690 proprietatem
1455 646 1628 677 memorati
1650 642 1844 679 Monasterii
1864 649 1964 690 atque

96 714 246 745 vestram
275 710 423 756 predicta
453 711 668 743 munitionem
699 706 828 753 Oppida
857 705 963 739 Villas
994 709 1024 738 ct
1053 705 1116 738 alia
1146 707 1255 738 omnia
1285 709 1433 751 pretacta
1462 704 1503 738 de
1544 709 1635 738 certa
1671 707 1812 739 scientia
1848 710 1964 739 trans-

96 771 244 805 ferentes
273 782 312 805 ac
341 774 372 804 in
403 781 548 817 persona
579 768 700 803 Christi
731 779 790 801 eas
828 778 867 801 ac
900 777 940 800 ea
977 765 1074 800 vobis
1109 765 1208 799 bodie
1242 765 1365 800 devote
1400 777 1440 800 ac
1475 765 1642 799 humiliter
1677 766 1869 800 offerentes.
1925 765 1963 799 ln

95 832 213 879 quibus
243 835 269 866 si
299 835 370 878 quis
401 835 431 865 in
461 835 555 877 parte
585 831 639 864 vel
668 833 699 863 in
731 834 798 863 toto
827 827 923 863 vobis
952 827 1027 872 quid
1067 826 1210 860 intulerit
1246 827 1417 869 violentie,
1452 829 1686 872 oppressionis
1722 826 1776 861 vel
1812 827 1964 861 molestie

96 897 214 928 contra
245 893 375 937 Regum
406 896 438 925 et
466 891 696 925 marchionum
726 889 949 935 predictorum
979 887 1099 921 collata
1129 887 1224 921 vobis
1252 890 1400 932 gratiosa
1436 886 1627 933 privilegia,
1664 889 1888 920 immunitates
1923 898 1964 920 ac

96 954 281 998 libertatesq
311 956 440 997 gratias
469 964 508 986 ac
538 952 661 985 indulta
692 951 820 984 directe
849 950 905 983 vel
934 948 1108 991 indirecte‚
1139 947 1269 994 publice
1296 948 1351 982 vel
1380 947 1524 989 occulte,
1555 950 1620 982 nisi
1659 958 1759 992 super
1797 958 1837 981 eo
1876 957 1965 981 con-

97 1026 213 1061 gruam
245 1013 340 1047 vobis
369 1012 635 1047 satisfactionem
665 1014 881 1058 prestiterint„
912 1021 986 1044 cum
1017 1009 1126 1043 Datan
1156 1020 1196 1042 ac
1225 1007 1380 1054 Abyron,
1410 1019 1493 1054 quos
1524 1012 1613 1042 terra
1649 1011 1750 1042 vivos
1781 1007 1964 1052 absorbuit,

97 1078 236 1121 recipiat
265 1077 461 1120 portionem.
492 1074 528 1107 In
560 1084 699 1119 quornm
728 1074 873 1106 omnium
902 1074 1096 1117 perpetuam
1126 1069 1312 1103 firmitatem
1340 1072 1516 1115 presentes
1554 1069 1665 1102 literas
1700 1068 1770 1102 fieri
1808 1071 1965 1102 iussimus

97 1141 129 1170 et
159 1136 340 1180 sigillorum
370 1139 562 1169 nostrorum
592 1136 772 1168 munimine
802 1132 963 1166 roborari.
995 1131 1116 1165 Actum
1151 1134 1184 1164 et
1218 1129 1335 1163 Datum
1370 1128 1516 1163 Pustinir
1545 1130 1645 1163 Anno
1680 1128 1754 1163 Dni.
1785 1129 1961 1163 millesimo

98 1199 338 1231 trecentesimo
368 1195 629 1241 quadragesimo
658 1199 781 1228 octavo
810 1197 842 1227 in
876 1192 1072 1226 celebritate
1105 1190 1296 1225 Nativitatis
1332 1194 1446 1224 sancte
1480 1188 1599 1223 Marte.
1656 1189 1742 1223 Nulli
1781 1200 1864 1234 ergo
1901 1191 1964 1223 dcc.

98 1261 212 1292 nostre
240 1257 504 1291 confirmationis
534 1256 719 1301 infringere
748 1257 810 1288 osc.
840 1253 963 1287 Datum
992 1254 1162 1287 Avinione
1191 1251 1287 1286 Xllll
1312 1250 1481 1285 Kalendas
1503 1250 1713 1297 Septembris
1734 1252 1835 1285 Anno
1856 1250 1965 1284 Nono.

411 1354 486 1394 (Ans
510 1357 565 1382 den
592 1356 671 1389 Orig,
697 1356 770 1389 lteg.
797 1353 928 1382 Clemens
954 1354 1003 1380 Vl.
1028 1353 1078 1379 lib,
1110 1354 1136 1385 2,
1166 1362 1244 1387 pars.
1274 1353 1301 1385 2,
1333 1361 1399 1386 pag.
1433 1352 1484 1385 58„
1515 1351 1599 1386 epist.
1636 1352 1714 1377 1089
1749 1351 1967 1377 ἰηννίιίἱιηίηει*

516 1406 668 1434 Abschrift
691 1407 865 1441 mitgetlieilt
890 1416 947 1433 von
972 1407 1024 1433 Dr,
1049 1406 1083 1433 R.
1109 1405 1230 1439 Dudik.)

991 1668 1092 1704 112.

102 1764 213 1809 Papst
253 1764 408 1797 Clemens
451 1763 506 1798 VI.
543 1766 685 1797 ernenut
720 1763 784 1795 (len
814 1761 959 1795 Kourad
985 1771 1050 1793 con
1079 1758 1311 1803 Smedeberqh
1345 1759 1410 1801 auf
1431 1756 1589 1791 Farbitte
1628 1757 1756 1790 Isaz'ser
1787 1757 1879 1790 [sart
1905 1756 1925 1789 I
1934 1755 1967 1791 V.

432 1837 505 1858 zum
534 1824 727 1858 Domherru
758 1825 791 1857 ῖηῚ
823 1822 966 1856 Olme‘ltz.
997 1821 1057 1854 Dt.
1088 1820 1245 1864 Ariffleon
1276 1818 1334 1852 19.
1364 1819 1498 1863 Auyusl
1532 1817 1640 1852 1351.

260 1902 437 1954 Clemens
475 1920 666 1967 Episcopus
705 1920 833 1953 Servus
873 1919 1057 1952 Servorum
1093 1915 1155 1949 Dei
1191 1914 1323 1948 Dilecto
1358 1913 1424 1947 filio
1462 1912 1617 1947 Conrado
1654 1912 1695 1946 de
1733 1911 1966 1956 Smedebergh

103 1981 275 2016 Canonico
304 1981 506 2016 Olomucen.
537 1985 568 2015 in
599 1986 740 2026 utroque
769 1983 840 2013 iure
870 1978 1066 2012 Baccalario
1105 1976 1251 2010 Salutem
1280 1980 1313 2009 et
1340 1975 1571 2020 Apostolicam
1602 1973 1888 2008 Benedictionem.

258 2051 457 2085 Litterarum
489 2053 643 2086 scientia„
671 2052 741 2084 vite
769 2060 809 2083 ac
839 2058 968 2082 morum
998 2047 1171 2088 honestas,
1201 2045 1331 2089 aliaque
1360 2044 1446 2077 inte
1466 2046 1615 2088 vigentia
1634 2041 1826 2087 multiplicia
1848 2045 1966 2076 merita

102 2110 275 2157 probitatis
305 2122 406 2157 super
434 2110 554 2156 quibus
584 2111 668 2157 apud
699 2121 760 2144 nos
789 2109 958 2153 fidedigno
978 2104 1224 2142 commendaris
1244 2106 1437 2138 testimonio
1457 2106 1701 2149 promerentur,
1732 2106 1766 2135 ut
1784 2112 1966 2147 personam

103 2176 191 2205 tuam
221 2173 414 2218 apostolieae
450 2171 656 2206 liberalitatis
694 2174 801 2216 gratia
830 2179 1083 2216 prosequamur.
1138 2166 1225 2200 Hinc
1254 2169 1303 2198 est
1331 2164 1419 2209 quod
1447 2175 1510 2198 nos
1540 2163 1694 2198 volentes
1725 2161 1780 2195 tibi
1818 2165 1966 2208 premis-

104 2243 217 2266 sorum
253 2234 369 2266 intuitu
407 2243 472 2266 nec
508 2243 575 2265 non
613 2231 887 2265 consideratione
925 2229 1096 2263 Carissimi
1124 2230 1156 2261 in
1189 2225 1321 2259 Christo
1356 2224 1411 2258 filii
1447 2227 1552 2258 nostri
1588 2222 1700 2257 Karon
1738 2222 1966 2256 Romanorum

106 2297 139 2326 et
168 2292 305 2326 Boemie
335 2292 441 2337 Regis
470 2292 615 2326 Illustris
644 2291 739 2325 nobis
769 2294 867 2325 etiam
896 2301 957 2336 pro
986 2294 1018 2323 tc
1047 2299 1148 2334 super
1176 2287 1239 2321 hoc
1268 2286 1434 2320 humiliter
1454 2284 1670 2331 supplicantis
1690 2286 1830 2328 gratiam
1852 2283 1966 2317 facere

105 2353 287 2398 specialem
330 2352 569 2386 Canonicatum
608 2351 753 2385 ecclesie
788 2351 987 2385 Olomucen.
1026 2360 1100 2383 cum
1138 2347 1340 2395 plenitudine
1378 2349 1459 2380 iuris
1494 2347 1647 2379 canonici
1686 2344 1870 2390 apostolica
1907 2343 1964 2378 tibi

105 2416 300 2447 auctoritate
330 2412 533 2446 conferimus
563 2417 595 2446 et
623 2412 663 2446 de
691 2412 746 2445 illo
776 2415 874 2445 etiam
903 2410 1118 2457 providemus
1147 2408 1350 2455 prebendam
1379 2417 1463 2441 vero
1491 2416 1554 2439 nec
1582 2416 1649 2439 non
1678 2405 1871 2449 dignitatem
1910 2404 1966 2438 vel

104 2478 320 2519 personatum
358 2485 418 2508 seu
456 2472 603 2507 officium
639 2483 713 2506 cum
750 2483 830 2506 cura
865 2472 920 2506 vel
958 2474 1031 2505 sine
1065 2481 1145 2503 cura
1183 2473 1209 2504 si
1244 2480 1308 2515 que
1342 2467 1399 2502 vel
1433 2470 1459 2501 si
1496 2469 1549 2512 qui
1578 2471 1634 2500 aut
1663 2468 1691 2501 si
1720 2477 1782 2511 qua
1817 2469 1849 2499 in
1879 2465 1965 2499 dicta

105 2533 250 2567 ecc-lesia
288 2538 410 2567 vacant
457 2533 497 2567 ad
538 2543 690 2579 praesens
729 2533 783 2566 vel
819 2543 892 2566 eum
930 2534 1141 2573 vacaverint,
1179 2541 1260 2576 quas
1296 2528 1351 2563 vel
1385 2538 1469 2574 quos
1507 2538 1566 2561 seu
1602 2530 1727 2573 quotu
1761 2536 1822 2572 per
1850 2531 1882 2560 te
1909 2526 1965 2560 vel
