2206 2735
1038 38 1159 90 j791

372 152 525 195 suscepti
554 160 633 183 cura
662 151 832 193 regiminis
862 159 921 182 eor
948 153 1096 182 nostrum
1126 153 1280 183 continua
1309 150 1414 195 pulsat
1440 152 1607 190 instantia„
1629 155 1663 184 ut
1682 150 1895 185 solicitudinis
1915 151 2056 186 debitum

217 210 255 243 ad
285 211 370 256 qnod
401 212 565 243 universis
593 209 683 242 orbis
711 209 864 243 ecclesiis
895 220 954 243 nos
983 210 1165 255 apostolice
1194 212 1363 243 servitutis
1392 214 1575 244 necessitas
1604 211 1739 255 obligat,
1778 222 1890 245 earum
1919 213 2056 255 singulis

215 275 309 315 prout
339 271 431 304 nobis
460 282 503 304 ex
532 269 595 303 alto
625 269 818 303 conceditur
845 270 1054 310 exolvamus,
1091 274 1122 304 in
1151 282 1191 304 eo
1221 273 1402 316 potissime„
1439 275 1471 303 ut
1500 271 1627 304 illarum
1657 275 1837 316 regiminaq
1875 283 1938 317 que
1971 284 2056 318 pro-

216 333 293 375 priis
322 337 394 364 sunt
425 331 578 364 destitute
608 330 808 375 pastoribusq
839 333 992 376 personis
1022 330 1138 364 talibus
1166 334 1420 374 committantur„
1450 342 1510 376 per
1537 342 1674 374 quarum
1708 332 1872 366 solertiam
1911 336 2057 366 circum-

216 395 376 436 spectam.
406 396 438 424 et
465 390 621 424 solet-tam
651 393 982 436 circumspectionem
1011 391 1156 425 ecclesie
1184 394 1256 436 ipse
1285 394 1316 423 in
1346 390 1571 436 spiritualibus
1601 395 1634 424 et
1663 392 1896 437 temporalibus
1926 393 2057 426 valeant

216 451 383 496 adaugeri.
414 451 541 484 Dudum
573 451 734 496 siquidem
763 451 815 485 bo.
847 462 907 484 me.
937 449 1096 485 Jobanne
1117 451 1286 497 Episcopo
1307 450 1502 485 Olomucen.
1524 454 1675 495 regimini
1697 451 1890 486 Olomucen.
1912 453 2057 488 ecclesie

216 512 416 557 presidente.
447 510 514 544 Nos
552 514 725 557 cupientes
763 511 869 544 eidem
907 511 1050 544 ecclesie
1086 522 1159 545 cnm
1197 523 1268 545 ean]
1304 522 1429 545 vacare
1464 514 1673 556 contingeret
1708 514 1910 557 operationis
1946 519 2057 547 nostre

215 575 395 605 ministerio
425 571 533 605 utilem
564 572 736 617 presidere
763 582 951 617 personam„
981 574 1208 616 provisionem
1238 575 1340 617 ipsius
1374 572 1519 606 ecclesie
1548 572 1748 605 ordinationi
1783 576 1816 605 et
1851 572 2057 618 dispositioni

215 636 326 665 nostre
356 642 394 664 ea
424 635 498 665 vice
527 631 680 665 duximus
709 632 899 677 specialiter
927 632 1181 668 reservandam.
1211 632 1435 666 Decernendo
1472 644 1516 666 ex
1557 637 1633 666 tunc
1672 635 1796 666 irritum
1831 637 1864 666 et
1898 635 1997 667 inane
2031 637 2057 667 si

214 703 311 725 secus
349 703 449 737 super
488 692 550 726 biis
591 703 651 739 per
691 703 916 738 quoscumque
960 695 1078 737 quavis
1119 696 1315 727 auctoritate
1352 696 1497 727 scienter
1533 693 1587 727 vel
1623 696 1816 738 ignoranter
1851 697 2058 739 contingeret

214 756 410 798 attemptari.
442 753 740 787 Postmodumvero
768 752 896 799 prefata
926 753 1071 787 ecclesia
1100 764 1160 799 per
1188 754 1311 787 obitum
1341 754 1487 787 eiusdem
1517 753 1692 791 Jobannisq
1732 757 1786 799 qui
1819 757 1849 788 in
1887 755 1948 788 illis
1978 766 2059 800 par—-

214 813 299 847 tibus
329 814 471 847 debitum
501 818 618 847 nature
645 814 809 859 persolvit
838 817 983 860 pastoris
1012 814 1130 848 solatio
1159 813 1324 848 destituta.
1356 813 1425 848 Nos
1456 817 1631 847 vacatione
1665 814 1850 849 huiusmodi
1887 814 2058 859 fidedignis

214 874 324 907 relatis
362 875 542 916 intellecta,
572 874 610 907 ad
641 877 864 919 provisionem
895 877 997 920 ipsius
1027 874 1172 908 ecclesie
1201 875 1345 908 celerem
1375 879 1407 908 et
1441 874 1593 912 felicem,
1630 874 1669 907 de
1706 886 1768 920 qua
1805 874 1912 908 nullus
1949 880 2059 920 preter

214 945 275 968 nos
304 934 365 968 hac
393 938 470 968 vice
507 946 544 969 se
581 937 797 968 intromittere
836 939 957 980 potest„
993 939 1225 969 reservatione
1264 940 1296 968 et
1330 935 1465 969 decreto
1501 934 1736 969 obsistentibus
1775 936 1983 981 supradictis„
2019 948 2059 969 ne

212 996 311 1039 longe
340 998 524 1029 vacationis
553 1000 780 1041 exponeretur
808 996 1041 1038 incommodis„
1073 999 1218 1041 paternis
1248 1000 1279 1029 et
1308 996 1445 1030 solicitis
1475 996 1591 1030 studiis
1620 995 1830 1031 intendentes
1865 1001 1938 1042 post
1974 996 2059 1030 deli-—

212 1055 428 1089 berationem.
458 1066 554 1100 qnam
583 1055 623 1089 de
653 1055 856 1100 preficiendo
885 1055 990 1089 eidem
1020 1056 1166 1090 ecclesie
1195 1067 1375 1102 personam
1403 1057 1514 1090 utilem
1546 1060 1577 1089 et
1614 1059 1711 1090 etiam
1747 1056 1949 1091 fructuosam
1985 1068 2058 1090 cum

211 1115 366 1149 fratribus
396 1119 519 1150 nostris
550 1115 721 1149 babuimus
750 1116 952 1160 diligentem.
984 1116 1123 1150 Demnm
1152 1116 1191 1150 ad
1221 1121 1252 1150 te
1282 1116 1486 1162 Prepositum
1516 1117 1660 1150 ecclesie
1689 1116 1840 1150 Omnium
1862 1117 2059 1151 Sanctorum

211 1179 241 1209 in
282 1176 399 1210 Castro
438 1177 578 1220 Pragen.
609 1180 640 1210 in
677 1177 862 1210 sacerdotio
891 1180 1123 1220 constitutum,
1161 1178 1329 1211 literarum
1364 1180 1501 1211 scientia
1539 1177 1718 1222 preditum*
1755 1180 1822 1210 vite
1857 1188 1895 1210 ae
1932 1188 2057 1211 morunt

211 1236 385 1270 honestate
420 1237 595 1279 decorum,
631 1240 663 1270 in
700 1236 922 1282 spiritualibus
960 1238 1153 1283 providum„
1191 1243 1222 1271 et
1259 1240 1289 1271 in
1324 1237 1556 1283 temporalibus
1595 1241 1883 1283 circumspectum.
1921 1238 2058 1283 aliisque

208 1300 363 1331 virtutum
390 1300 526 1340 meritis,
555 1301 650 1343 prout
678 1308 721 1330 ex
742 1300 936 1331 testimoniis
965 1296 1028 1331 side
1057 1298 1166 1342 dignis
1196 1302 1387 1345 accepimns
1408 1299 1627 1345 multipliciter
1647 1302 1849 1343 insignitum,
1876 1299 2057 1333 direximus

208 1358 321 1391 oeulos
351 1363 462 1391 nostre
491 1361 624 1400 mentis,
654 1357 769 1404 quibus
798 1358 948 1392 omnibus
977 1357 1083 1392 debita
1114 1359 1326 1393 meditatione
1356 1363 1513 1406 pensatisq
1545 1359 1585 1393 de
1614 1370 1755 1405 persona
1793 1364 1843 1393 tua
1880 1362 1942 1405 ipsi
1972 1358 2057 1393 Olo-

206 1429 337 1452 mucen.
368 1419 512 1452 ecclesie
542 1419 583 1452 de
611 1419 835 1465 predictorum
866 1418 1002 1452 fratrum
1032 1421 1172 1453 consilio
1201 1424 1396 1454 auctoritate
1425 1420 1607 1466 apostoliea
1637 1420 1863 1466 providemus.
1896 1425 1994 1465 teque
2014 1420 2056 1454 illi

207 1478 397 1524 preficimus
426 1483 457 1513 in
486 1479 688 1525 Episcopum
718 1483 751 1513 et
778 1485 958 1525 pastorem,
989 1491 1102 1513 euram
1133 1485 1165 1514 et
1194 1481 1513 1515 administrationem
1542 1483 1646 1526 ipsius
1675 1481 1820 1514 ecclesie
1849 1480 1903 1514 tibi
1925 1485 1989 1514 tam
2020 1485 2051 1514 in

206 1539 443 1585 spiritualibus.
474 1550 571 1585 quam
599 1542 631 1573 in
660 1540 898 1586 temporalibus
927 1541 1075 1586 plenarie
1104 1541 1357 1578 committendo„
1386 1544 1418 1575 in
1449 1541 1502 1574 illo
1531 1544 1584 1585 qui
1614 1541 1667 1574 dat
1702 1544 1828 1584 gratias
1858 1545 1889 1574 et
1919 1541 2056 1585 largitur

205 1603 329 1644 premia
359 1599 577 1642 confidentes,
608 1599 693 1645 quod
722 1601 840 1633 eadem
869 1601 1013 1634 ecclesia
1043 1612 1102 1646 per
1132 1606 1185 1635 tue
1214 1604 1521 1647 circumspectionis
1550 1601 1742 1635 industriam
1764 1605 1797 1634 et
1813 1600 2053 1646 providentiam

206 1663 481 1706 circumspectam
511 1659 571 1695 sub
600 1665 654 1694 tuo
683 1660 785 1698 felici„
815 1664 990 1705 regimine,
1020 1662 1159 1696 dextera
1189 1662 1245 1696 tibi
1274 1663 1402 1696 Domini
1431 1666 1610 1696 assistente
1639 1665 1798 1707 propicia,
1829 1661 2005 1695 salubriter
2025 1667 2055 1695 et

207 1731 369 1766 prospere
398 1721 566 1765 dirigetur.
596 1720 716 1765 Jugum
746 1724 845 1765 igitur
874 1721 1007 1755 Domini
1037 1726 1100 1756 tuis
1129 1725 1315 1769 impositum
1355 1723 1500 1757 humeris
1534 1726 1684 1768 prompta
1723 1722 1904 1757 devotione
1939 1724 2054 1755 susci-—

205 1784 313 1826 piens.
343 1792 455 1814 curam
485 1786 515 1814 et
544 1777 861 1815 administrationem
891 1783 1059 1828 predictas
1089 1787 1138 1817 sic
1166 1795 1331 1817 exercere
1352 1783 1486 1817 studeas
1507 1784 1634 1817 solicite
1653 1782 1793 1816 fideliter
1811 1787 1844 1816 et
1863 1783 2050 1828 prudenter.

205 1842 290 1886 quod
320 1844 391 1886 ipsa
421 1842 564 1875 ecclesia
593 1841 807 1886 gubernatori
835 1843 976 1888 provido
1005 1848 1037 1877 et
1075 1843 1244 1878 fructuoso
1281 1844 1539 1878 administratori
1576 1843 1719 1888 gandeat
1753 1854 1790 1877 se
1828 1846 2049 1879 commissamq

206 1906 305 1945 tuque
335 1906 487 1947 preterea
518 1906 632 1935 eterne
671 1901 895 1937 retributionis
930 1907 1089 1949 premium
1124 1904 1357 1938 benevolentie
1391 1909 1504 1938 nostre
1541 1908 1683 1947 gratiani
1720 1903 1851 1937 uberius
1893 1906 2050 1948 consequi

206 1965 374 1995 merearis.
408 1962 523 1996 Datum
554 1963 723 1996 Avinione
751 1960 817 1998 XV
845 1963 1014 1998 Kalendas
1045 1965 1238 1999 Decembris
1268 1967 1367 1999 Anno
1398 1965 1544 1998 Decimo.

514 2053 588 2090 (Aus
612 2054 668 2079 deu
692 2054 769 2088 Orig.
794 2055 941 2090 Regesten
959 2056 1092 2082 Clemens
1120 2057 1169 2084 VI.
1195 2057 1242 2082 lib.
1272 2058 1296 2092 1,
1321 2057 1405 2090 epist.
1432 2056 1481 2089 35,
1504 2064 1570 2088 pag.
1598 2056 1650 2086 22;
1676 2056 1818 2081 vidimirte
1844 2054 1989 2080 Absclirift
2014 2054 2048 2079 im

616 2106 872 2145 Laudesarehive.)
