2206 2735
1054 295 1128 330 44.

162 371 299 406 Johsann
331 371 480 414 Biseleof
501 384 564 405 von
597 372 728 406 Olme‘ilz
766 372 952 416 besls'ih'yel
989 374 1060 405 dem
1087 373 1359 406 A'onneulfloster
1387 375 1418 405 iu
1442 373 1610 405 I'uslimei·
1639 373 1700 405 dax
1723 371 2009 405 l’atrrmatsrech.

522 433 582 466 der
613 434 741 467 Isin-lae
770 435 801 466 in
832 433 1028 467 Nz'lflon·e'tz.
1061 433 1118 467 Dt.
1152 433 1284 467 Olmmz
1316 433 1346 466 Ι.
1378 432 1517 477 Sepffir.
1550 432 1659 465 1350.

316 508 488 563 Joannes
519 556 526 563 .
570 532 749 575 episcopus
780 528 1015 563 olomucensis
1046 556 1052 563 .
1085 556 1092 563 .
1123 529 1328 563 honorabilis
1359 531 1410 562 vir
1440 557 1445 562 .
1479 558 1484 562 .
1525 529 1676 562 dominus
1706 527 1877 574 Nycolaus
1907 538 2017 561 03110-

162 591 257 623 nicus
287 588 522 623 Olomuceusis
551 594 583 623 et
613 589 771 635 plebanus
801 589 946 623 ecclesie
974 592 1006 623 in
1028 589 1229 636 Nyclowicz
1258 600 1321 623 nec
1351 599 1416 622 non
1446 589 1599 623 dominus
1629 593 1661 622 et
1690 588 1789 622 heres
1818 590 2019 633 iurispatro-

161 654 259 684 natus
289 650 437 684 ecclesie
467 650 616 684 eiusdem
646 649 741 683 nobis
771 652 941 683 insinuare
970 652 1109 687 curauit„
1139 650 1279 696 qualiter
1307 653 1378 695 ipse
1397 652 1485 683 circa
1506 648 1745 683 Monasterium
1773 651 2016 682 sanctimonia-

163 712 239 745 lium
284 711 324 744 ad
371 710 549 745 infanciam
592 710 715 744 Christi
750 714 782 744 in
816 710 960 745 Pustmir
996 710 1120 744 ordinis
1155 714 1261 744 sancti
1297 710 1469 744 Benedicti
1508 711 1628 744 affectu
1672 712 1806 756 pietatis
1852 720 2018 742 accensus

162 772 355 805 memoriale
391 775 423 806 in
459 782 499 805 eo
536 774 743 806 constituere
780 771 976 805 desiderans
1013 770 1141 817 sibique
1175 782 1214 804 ac
1248 770 1442 817 parentibus
1482 771 1638 805 fratribus
1677 775 1708 804 et
1746 768 2017 816 progenitoribus

161 835 231 866 suis
261 843 457 878 comparare
486 832 642 876 suffragia
673 836 705 865 et
733 835 947 877 peccatorum
977 830 1126 864 remedio
1155 836 1187 864 et
1217 835 1398 865 animarum
1434 833 1541 865 salute
1566 834 1817 878 juspatronatus
1847 841 1906 863 seu
1935 841 2013 875 pre-

161 892 314 927 sentandi
343 897 507 926 rectorem
537 892 575 927 ad
606 892 787 938 predictam
818 892 995 926 eeclesiam
1034 895 1066 937 iu
1096 891 1297 938 Nyclowicz
1331 904 1392 926 uec
1428 903 1494 926 non
1532 897 1565 926 et
1593 896 1698 938 ipsam
1727 892 1914 926 Ecclesiam
1944 902 2018 924 cum

161 953 315 988 omnibus
344 952 503 987 censibus
532 952 717 987 redditibus
748 953 885 986 decimis
917 952 1096 986 Abbatisse
1132 957 1162 986 et
1197 956 1376 987 conuentui
1413 953 1490 987 dicti
1520 956 1715 987 monasterii
1744 957 1777 986 et
1806 955 1867 999 ipsi
1896 962 2018 985 mona-

162 1017 263 1048 sterio
292 1013 380 1048 dedit
408 1013 488 1048 nihil
517 1013 579 1048 sibi
608 1013 828 1056 reseruaudo7
858 1015 920 1047 nisi
951 1014 1037 1059 quod
1066 1024 1140 1047 eam
1170 1024 1275 1059 usque
1305 1015 1343 1047 ad
1374 1017 1442 1048 vite
1471 1025 1531 1047 sue
1558 1014 1657 1047 finem
1683 1014 1736 1047 uel
1757 1014 1893 1047 alterius
1913 1014 2018 1046 curati

161 1074 313 1108 beneficii
350 1074 524 1121 pacificam
561 1078 855 1109 assecuracionem
891 1074 1011 1108 debeat
1048 1073 1227 1120 possidere
1259 1095 1300 1099 —
1334 1075 1431 1108 nobis
1461 1085 1527 1108 vna
1557 1086 1631 1108 cum
1662 1074 1845 1109 venerabili
1885 1073 2017 1106 domina

159 1135 260 1169 Anna
289 1135 469 1170 Abbatissa
499 1140 532 1169 et
559 1141 728 1170 conuentu
758 1164 764 1170 .
788 1164 793 1169 .
826 1133 1044 1182 supplicando
1074 1139 1238 1179 quatenus
1269 1165 1274 1170 .
1299 1164 1304 1169 .
1336 1135 1402 1181 (id)
1434 1165 1439 1169 .
1464 1163 1499 1169 ..
1531 1136 1730 1169 confirmare
1766 1135 1980 1180 dignaremur
2011 1162 2017 1167 .

161 1195 265 1241 (Nos)
302 1196 414 1230 habito
450 1208 551 1242 super
579 1196 643 1230 1100
679 1208 752 1230 011111
781 1197 935 1231 ι1011311116
971 1199 1143 1242 preposito
1171 1196 1332 1231 WVitcone
1370 1196 1622 1243 archidyacono
1660 1201 1693 1230 et
1731 1196 1875 1242 capitulo
1904 1199 2019 1230 nostro

161 1257 311 1302 diligenti
340 1262 481 1292 tractatu
512 1286 517 1291 .
552 1285 558 1291 .
589 1257 776 1291 accedente
810 1269 924 1292 eorum
959 1257 999 1290 ad
1041 1256 1104 1291 hoc
1139 1268 1283 1292 assensu
1313 1257 1533 1292 donacionem
1564 1262 1595 1291 et
1625 1258 1882 1291 translacionem
1909 1258 2019 1300 juris-

160 1322 352 1364 patronatus
382 1323 414 1352 et
442 1318 588 1352 ecclesie
618 1321 650 1352 in
678 1317 881 1364 Nyclowicz
911 1317 1112 1364 supradictis
1142 1317 1327 1352 Abbatisse
1356 1322 1389 1351 et
1417 1320 1598 1352 conuentui
1629 1329 1668 1351 30
1697 1319 1901 1351 monasterio
1931 1327 2020 1350 0011-

161 1378 330 1413 firmamus
368 1383 400 1412 et
438 1379 558 1413 dictam
594 1379 776 1413 ecclesiam
815 1382 1015 1413 monasterio
1050 1381 1307 1424 incorporamus
1344 1379 1394 1421 (et
1423 1378 1585 1424 plebano)
1615 1378 1817 1412 offertorium
1848 1381 1878 1411 et
1908 1381 2020 1411 testa-

160 1444 308 1473 mentum
337 1444 370 1473 et
397 1439 509 1484 legata
537 1439 682 1474 fidelium
711 1444 744 1473 et
773 1443 896 1474 curiam
929 1451 1003 1474 cum
1032 1451 1099 1474 vna
1128 1439 1216 1473 bona
1247 1443 1391 1483 aratura,
1422 1451 1486 1486 que
1515 1442 1659 1486 pertinet
1687 1439 1727 1473 ad
1755 1439 1915 1473 culturam
1944 1438 2021 1484 ple-

160 1499 237 1534 bani
267 1527 275 1534 .
304 1503 383 1534 item
411 1505 505 1546 prata
533 1500 655 1534 rubeta
691 1505 723 1534 et
760 1504 852 1534 ortos
887 1501 1035 1538 dotales„
1071 1503 1148 1534 item
1185 1500 1316 1546 plenam
1345 1500 1508 1534 decimam
1548 1503 1580 1533 in
1609 1503 1734 1546 campis
1763 1499 1804 1533 de
1833 1510 1898 1533 vna
1929 1502 2021 1532 curia

160 1564 193 1594 in
222 1560 301 1595 villa
329 1560 577 1607 Dunayowicz,
615 1563 692 1594 item
730 1561 847 1607 plenas
882 1561 1029 1595 decimas
1059 1561 1137 1595 ville
1166 1561 1370 1607 WVyrowicz
1408 1564 1486 1595 item
1522 1566 1621 1595 totam
1659 1564 1815 1594 minut-am
1845 1560 2020 1593 decimam.

161 1632 259 1666 quam
288 1633 306 1655 a
335 1621 529 1667 plebezanis
564 1624 669 1668 ipsius
704 1622 850 1656 ecclesie
888 1622 1049 1668 plebanus
1084 1632 1218 1668 semper
1254 1624 1431 1656 consueuit
1467 1621 1593 1656 habere
1623 1633 1682 1668 pro
1713 1624 1962 1656 sustentacione
1990 1625 2023 1654 et

164 1681 423 1716 necessitatibus
462 1682 606 1716 ecclesie
641 1687 675 1716 et
712 1685 783 1716 suis
818 1688 850 1716 et
884 1686 1110 1717 ministrorum
1145 1683 1293 1717 ecclesie
1329 1694 1369 1717 ac
1404 1682 1630 1729 hospitalitate
1667 1682 1833 1717 seruanda
1862 1692 1927 1715 nec
1955 1692 2020 1715 non

162 1742 336 1788 papalibus
366 1742 710 1789 archiepiscopalibus
741 1743 988 1790 episcopalibus
1017 1743 1343 1778 archidiaconalibus
1371 1743 1498 1777 iuribus
1528 1743 1761 1790 persoluendis
1791 1754 1831 1776 ac
1858 1742 1932 1776 aliis
1961 1741 2024 1776 sibi

161 1806 196 1836 et
223 1802 332 1836 eidem
362 1803 509 1838 ecclesie
539 1803 806 1838 incumbentibus
836 1805 1072 1851 supportandis
1101 1804 1262 1838 oneribus
1291 1804 1489 1850 deputamus
1519 1806 1630 1838 omnia
1660 1804 1724 1838 alia
1751 1803 1879 1837 utilitati
1900 1813 2025 1837 mona-

162 1865 254 1897 sterii
283 1863 525 1907 conuertenda,
555 1864 795 1898 confirmantes
816 1869 848 1898 et
867 1877 927 1911 pro
948 1865 1144 1899 liberalitate
1163 1864 1306 1912 predicti
1325 1864 1468 1911 Nycolai
1490 1867 1744 1899 anniversarius
1764 1868 1796 1899 in
1817 1869 2023 1900 monasterio

162 1925 220 1968 agi
250 1922 382 1957 debeat.
413 1923 456 1957 Et
483 1934 545 1958 nos
573 1923 746 1958 Johannes
775 1928 964 1971 prepositus
993 1925 1123 1971 Wytco
1152 1925 1422 1972 archydiaconus
1451 1930 1484 1959 et
1512 1924 1695 1972 Capitulum
1726 1925 1953 1961 olomucense
1981 1927 2021 1961 ad

160 1982 225 2017 hoc
253 1994 460 2019 consensum
488 1983 666 2030 prebemus
695 1989 727 2018 et
755 1990 863 2019 ratum
892 1986 1067 2020 habemus.
1098 1986 1217 2020 Datum
1248 1985 1408 2020 Olomucz
1438 1987 1540 2020 Anno
1569 1985 1693 2020 domini
1722 1985 1899 2021 Millesimo
1929 1987 2019 2021 Tre-

162 2047 347 2079 centesimo
376 2047 654 2091 quinquagesimo
682 2044 815 2080 ι111111160
851 2049 883 2080 111
912 2047 965 2081 die
993 2050 1101 2081 sancti
1129 2046 1239 2092 Egidii
1269 2046 1422 2082 Abbatis.

473 2131 567 2166 (orig.
593 2132 628 2157 im
655 2131 807 2160 ffirsterzb.
833 2134 958 2160 Archive
984 2135 1011 2159 in
1037 2134 1192 2167 Kremsier,
1219 2133 1448 2169 abgesehrieben
1474 2142 1527 2160 von
1554 2134 1587 2160 A.
1615 2134 1735 2165 noc-ek.)

1054 2288 1128 2324 45.

316 2363 503 2426 Kal-olus,
539 2383 764 2417 Romanorum
795 2387 827 2416 et
856 2382 1015 2417 Bohemie
1050 2394 1125 2427 rex,
1163 2383 1336 2418 confirmat
1363 2384 1504 2427 Jodoeo,
1542 2384 1654 2419 Ulrico
1691 2389 1723 2418 et
1751 2385 1907 2427 Johanni,
1946 2384 2019 2418 liliis

164 2442 249 2476 Petri
279 2442 319 2477 de
349 2442 549 2489 Rosenberg
578 2456 595 2478 a
625 2455 707 2489 rege
735 2443 890 2478 Johanne
919 2443 1041 2478 donata
1069 2443 1157 2479 bona
1186 2448 1219 2478 in
1248 2444 1443 2479 Baworow.
1475 2445 1528 2479 Dt.
1551 2444 1685 2479 Brunae
1714 2445 1749 2479 8.
1771 2444 1902 2491 Septhr.
1933 2456 2020 2479 anno

160 2502 286 2547 jubileo
317 2503 427 2539 1350.

473 2575 525 2610 (K.
552 2574 644 2601 11011111.
671 2575 826 2601 Lainltafel
852 2576 903 2602 ΥΙ.
931 2576 966 2602 l).
994 2576 1042 2602 21.
1069 2575 1159 2609 Copia
1185 2575 1212 2600 111
1239 2575 1337 2601 Museo
1364 2574 1464 2614 l’rag.)
