2206 2735
1045 45 1092 79 70

134 161 298 194 dicturum
337 160 503 193 literarum
542 158 614 191 tulis
651 162 710 191 est.
770 157 837 191 Nos
866 158 1004 192 Carolus
1035 158 1166 192 Domini
1198 186 1203 192 .
1238 187 1242 192 .
1277 158 1379 203 Regis
1409 159 1544 193 Boemic
1576 159 1818 205 l‘rimogenitus
1848 159 1997 193 Mart-bio

143 221 291 254 noi-avit·
321 220 361 253 ad
392 222 585 253 universam
615 221 770 253 noticiam
802 219 955 253 volumus
986 224 1103 252 tenore
1133 221 1335 265 presentium
1361 222 1552 264 pervenire.
1584 219 1678 261 Quod
1700 230 1774 253 cum
1794 219 1997 254 venerabilis

139 287 169 315 iu
200 281 329 315 t'liristo
361 279 460 314 Pater
490 280 652 314 Dominus
681 279 854 313 Joliauucs
885 279 1074 326 Episcopus
1108 279 1304 313 (nomm-vn.
1344 283 1617 324 consanguineus
1652 285 1766 314 noster
1805 283 1996 315 carissimus

139 343 212 376 zelo
241 342 428 375 devotionis
457 341 574 375 ductus
605 352 664 387 pro
693 341 981 374 excellentissimi·
1010 339 1174 386 qnondam
1206 340 1346 373 Domine
1378 340 1547 374 Elizabetli
1569 341 1700 386 Regino
1721 341 1858 375 Boemie
1885 351 1997 385 gene-

140 405 228 436 tricis
268 407 383 435 nostre
421 407 452 435 rt
486 404 736 448 progenitorum
773 413 907 435 sum-um
937 413 976 434 ac
1007 406 1196 435 nostrorum
1227 401 1339 434 divine
1369 404 1529 435 meritorie
1557 412 1684 447 sueque
1713 406 1745 436 et
1774 407 1888 436 nostre
1917 404 1995 435 ani-

140 474 264 496 marum
301 462 406 495 salute
443 474 481 496 ac
520 462 668 496 remedio
698 467 911 508 pcccatorum
942 467 1041 508 atqui·
1070 465 1100 496 in
1132 462 1323 496 ineinoriale
1353 461 1524 507 perhenne
1552 467 1583 496 et
1610 463 1803 508 gloriosum.
1836 466 1866 497 in
1896 462 1996 496 l'umlo

140 524 301 557 bonorum
331 534 463 557 suorum
488 523 733 569 Episcopatiuui
764 523 918 557 videlicet
941 525 1029 557 iuxta
1051 522 1214 568 Oppidum
1239 522 1392 557 l’uslimir
1411 523 1496 566 (sic)
1519 522 1755 558 Monasterium
1776 535 1835 570 pro
1856 523 1996 557 Sancti—

139 584 335 618 monialibus
373 584 498 618 ordinis
536 587 641 617 sancti
674 584 843 617 Benedicti
884 587 913 617 iu
945 583 1102 616 bonorem
1135 582 1328 617 venerande
1358 582 1500 616 lnl'antie
1529 583 1648 617 Cbristi
1678 589 1709 617 et
1739 584 1835 618 beate
1864 594 1997 629 semper

141 645 288 689 Virginis
318 644 424 678 Marte
454 647 623 687 genitricis
654 647 725 677 cius
755 644 957 677 l'midavcrit.
991 643 1057 676 Nos
1089 655 1169 676 vcro
1199 655 1314 677 secum
1344 648 1376 677 et
1405 646 1476 689 ipsc
1507 643 1677 678 nobiscum
1699 645 1849 679 eiusdem
1871 644 1995 679 Mona-

141 708 230 738 ÷t‹·rii
261 716 375 738 sumus
404 710 434 738 ct
466 709 626 750 perpetue
656 716 732 737 csse
762 709 860 750 atquc
890 707 1021 738 censeri
1053 705 1205 738 volumus
1235 703 1441 737 fundatores.
1474 704 1514 737 st
1544 708 1653 738 autem
1675 710 1789 738 nostre
1810 705 1996 740 devotionis

139 766 277 799 allectus
313 777 408 810 quem
444 769 532 798 riri-a
570 768 673 811 ipsum
704 764 942 799 Monastrrium
979 768 1127 810 gvi-uua<
1164 765 1286 798 ctat-cai
1319 776 1377 810 per
1405 765 1570 801 ell'ectum.
1610 777 1648 798 ac
1679 776 1835 811 persone.
1872 778 1935 812 quc
1965 769 1995 799 iu

139 838 179 859 eo
210 826 352 860 Donuno
389 826 449 859 reli
484 829 645 872 perpetuo
682 825 861 859 militabunt
893 837 951 872 pro
982 826 1077 859 nobis
1108 831 1137 859 et
1169 825 1309 859 Domina
1341 825 1505 871 quondam
1535 829 1698 871 genitrice
1727 837 1765 860 ac
1795 829 1995 872 progenito-

140 887 229 920 ribus
269 889 389 920 nostris
426 886 584 932 predictis
621 890 709 920 tanto
742 897 874 920 suarum
912 886 1046 920 fundant
1076 890 1261 920 orationum
1293 886 1444 920 libamina
1480 891 1603 932 quanto
1632 888 1856 921 munificentie
1886 892 1997 921 nostr(-

139 947 310 981 dextcram
349 946 592 981 baluindantius
631 946 693 980 sibi
728 949 894 980 senserint
932 946 1096 981 adfuisse.
1135 947 1350 981 hereditatem
1388 952 1419 981 ct
1456 947 1541 981 bona
1577 958 1635 993 per
1663 953 1801 982 mortem
1832 948 1996 994 quondam

141 1007 303 1042 Brunonis
332 1007 372 1041 de
403 1007 595 1042 Drazeuitz
625 1011 698 1042 sinc
728 1008 852 1042 herede
882 1008 1007 1054 pridem
1038 1008 1184 1041 defuncti
1215 1007 1253 1041 ad
1285 1019 1345 1041 nos
1374 1008 1522 1052 legitime
1542 1007 1710 1044 devoluta.
1741 1008 1898 1042 videlicet
1917 1008 1997 1042 Mu-

140 1072 294 1102 nitionem
330 1068 522 1102 Drazcuitz
561 1080 633 1102 cum
670 1069 746 1102 villa
776 1068 954 1104 Nicouitz.
989 1068 1198 1102 Sclioenliol'.
1241 1068 1481 1105 t’iziestatmttz.
1520 1068 1671 1104 Zuicow
1708 1074 1739 1103 et
1768 1069 1997 1103 Luliatzowitz

142 1129 245 1163 Villas
275 1134 304 1162 et
331 1129 471 1162 mediam
503 1129 612 1162 villam
642 1129 804 1163 Lowtzitz
834 1131 864 1162 in
894 1128 1123 1163 Mai-cliionatu
1154 1135 1267 1162 nostro
1289 1129 1440 1163 Mol-avit·
1469 1132 1549 1163 sitas·
1579 1141 1652 1164 cum
1683 1130 1851 1165 censibus.
1881 1130 1997 1164 reddi-

140 1190 235 1223 tibus.
273 1189 445 1223 iudicibus.
487 1189 717 1235 proventibus.
757 1189 956 1223 bominibus.
994 1189 1129 1224 iuribus.
1162 1189 1340 1224 bonoribus
1370 1195 1402 1224 ct
1431 1191 1632 1231 utilitatibus,
1662 1203 1735 1225 cum
1765 1194 1867 1236 agris,
1899 1191 1996 1225 cultis

140 1255 170 1284 et
201 1250 341 1284 incultis.
373 1253 487 1295 pratis.
518 1253 664 1296 pascuis„
695 1251 801 1287 silvis.
833 1250 1037 1284 nemoribus.
1068 1251 1205 1285 rubetis.
1237 1250 1483 1286 venationibus.
1513 1251 1721 1289 molendinis.
1753 1255 1858 1298 aquis„
1889 1262 1998 1297 aqua-

137 1322 206 1344 rum
238 1310 445 1345 decursibus.
475 1313 623 1356 piscinis.
653 1310 904 1356 piscationibus.
935 1312 1222 1357 aucupationibus.
1253 1315 1435 1346 cumomni
1463 1315 1545 1347 itu-c.
1577 1315 1779 1358 proprietate
1800 1317 1829 1345 et
1853 1312 1996 1346 dominio

138 1372 249 1417 pleno,
281 1382 372 1404 uicro
401 1375 434 1404 ct
463 1373 577 1407 mixto.
609 1371 677 1405 utili
706 1376 737 1404 et
766 1371 904 1407 directo.
943 1383 1016 1405 rum
1048 1375 1118 1406 iure
1147 1377 1341 1418 patronatus
1371 1373 1516 1406 ecclesie
1546 1376 1575 1406 in
1607 1373 1690 1406 dicta
1721 1372 1806 1406 Villa
1838 1373 1996 1406 Lowtzitz

139 1437 171 1465 et
206 1443 278 1465 cum
315 1431 466 1465 oinuibns
502 1436 534 1465 ct
572 1432 711 1476 singulis
746 1435 954 1478 pertinentiis
990 1435 1080 1468 suis.
1118 1444 1191 1467 cum
1231 1444 1268 1467 ea
1315 1436 1514 1478 integritate.
1554 1445 1616 1479 qua
1656 1438 1687 1466 ct
1722 1433 1995 1479 quenuidmodmu

140 1493 244 1526 dictus
283 1492 446 1538 quondam
478 1492 588 1526 Brimo
626 1492 841 1526 hereditatem
878 1498 910 1527 et
949 1493 1032 1527 bona
1064 1493 1180 1528 eadem
1210 1493 1361 1540 possedit
1390 1498 1419 1527 et
1451 1498 1545 1539 prout
1584 1494 1623 1526 ad
1654 1505 1715 1527 nos
1746 1499 1821 1527 sunt
1850 1498 1883 1527 ut
1912 1504 1996 1539 pre-

141 1556 274 1586 mittitur
303 1553 467 1593 devoluta,
500 1555 561 1599 ipsi
589 1552 795 1587 Monasterio
826 1556 856 1587 in
886 1557 1019 1588 nomine
1040 1554 1172 1589 Domini
1194 1555 1322 1591 damus.
1353 1554 1556 1588 conferimus
1579 1554 1758 1589 liberaliter
1777 1559 1810 1588 et
1835 1554 1997 1588 donamus

140 1625 199 1659 per
230 1617 334 1659 ipsum
363 1612 603 1648 Monasterium
634 1617 707 1648 sive
736 1626 795 1660 per
825 1614 1054 1649 venerabilem
1075 1615 1250 1649 Dominam
1275 1615 1445 1649 Elizabetli
1466 1618 1648 1661 prinwvam
1671 1618 1742 1649 eius
1763 1614 1994 1649 Alibatissani.

140 1677 424 1719 consanguineam
456 1679 605 1708 nostram
635 1675 802 1710 dilectam.
833 1675 910 1709 dicti
940 1676 1072 1709 Domini
1101 1676 1260 1722 Episcopi
1289 1687 1495 1721 germanam.
1526 1688 1563 1709 a(-
1593 1687 1653 1721 per
1672 1675 1872 1709 Abbatissas
1901 1678 1932 1708 ei
1961 1678 1992 1708 in

141 1738 213 1780 ipso
243 1734 451 1769 monasterio
488 1747 720 1770 successuras.
760 1736 914 1770 tenenda.
955 1736 1118 1772 habenda.
1148 1736 1335 1771 utisruenda
1365 1741 1397 1770 et
1425 1736 1562 1783 pacifice
1591 1739 1760 1782 perpetuis
1791 1735 1992 1782 temporibus

139 1796 352 1840 possidenda⁷
382 1796 576 1830 mandantes
606 1797 666 1831 sub
696 1797 831 1831 obtentu
861 1802 970 1842 gratie
999 1802 1114 1832 nostre
1144 1798 1281 1832 tirmiter
1309 1803 1343 1832 et
1371 1798 1518 1832 districte
1549 1825 1554 1832 .
1587 1825 1594 1832 .
1629 1798 1812 1843 Capilaneo
1840 1796 1994 1831 Moravie

141 1868 178 1889 m·
210 1860 376 1890 universis
415 1862 447 1890 et.
485 1859 625 1903 singulis
655 1858 851 1894 ssaronibus.
891 1858 1076 1899 Nobilibus.
1112 1857 1292 1895 Vassallis.
1328 1857 1503 1897 Militibus.
1540 1858 1741 1893 Clientibus.
1781 1857 1991 1892 Camerariis.

138 1917 342 1951 justitiariis.
375 1917 616 1961 Beneliriai·iis‚
646 1917 873 1954 Purclirauiis.
904 1918 1182 1961 provincialibus,
1211 1918 1339 1953 Villicis
1368 1923 1400 1952 et
1429 1918 1592 1953 Ofliciatis
1621 1930 1660 1953 ac
1690 1921 1811 1952 ceteris
1842 1917 1992 1952 lidelibus

141 1981 262 2011 nostris
292 1977 556 2024 quibuscmnque
584 1979 772 2014 nominibus
802 1985 1004 2014 censeantur
1033 1984 1106 2015 sive
1135 1983 1373 2024 cuiuscumque
1403 1980 1609 2013 condicionis
1638 1984 1692 2013 aut
1721 1983 1823 2013 status
1848 1981 1991 2013 existant

140 2038 351 2084 presentibus
381 2043 414 2072 et
443 2038 571 2079 futuris.
602 2044 765 2085 quatenus
794 2040 934 2074 eandem
965 2040 1138 2075 Dominam
1169 2040 1384 2075 Abbatissam
1416 2045 1445 2074 cl
1477 2040 1678 2074 Abbatissas
1713 2044 1744 2073 ct
1772 2050 1992 2073 successuras

141 2110 180 2131 ac
210 2103 312 2144 ipsum
342 2098 580 2134 Monasterium
612 2103 642 2133 in
672 2101 766 2135 dictis
796 2101 981 2135 hereditate
1009 2107 1041 2135 et
1069 2101 1164 2135 bonis
1193 2101 1345 2135 omnibus
1375 2106 1431 2135 aut
1460 2106 1552 2147 parte
1582 2104 1725 2147 ipsorum
1768 2100 1875 2146 aliqua
1906 2100 1993 2134 nullo

141 2170 281 2204 unquam
315 2164 465 2206 tempore
502 2160 698 2206 perturbare
735 2162 788 2196 vel
827 2162 987 2208 impedire
1024 2166 1217 2208 presumant
1251 2166 1304 2196 aut
1334 2161 1580 2207 quomodolibet
1607 2161 1798 2195 molestare.
1855 2161 1890 2194 Si
1920 2163 1993 2205 quis

140 2224 248 2253 autem
279 2223 479 2255 contrarium
510 2225 707 2267 attemptare
735 2226 985 2269 presumpserit.
1016 2223 1276 2268 indignationem
1298 2227 1443 2257 nostram
1473 2227 1505 2256 et.
1525 2233 1629 2269 penas
1649 2232 1774 2266 ,graves
1804 2232 1841 2255 se
1861 2223 1994 2255 noverit

142 2283 365 2315 incursurum.
413 2280 449 2314 In
479 2284 574 2316 cuius
604 2284 652 2315 rei
680 2285 903 2317 testimonium
932 2288 964 2317 et
993 2283 1094 2317 robur
1122 2288 1283 2330 perpetuo
1312 2283 1488 2317 valiturum
1517 2287 1691 2329 presentes
1721 2283 1832 2316 literas
1862 2282 1932 2315 lieri
1962 2286 1992 2314 et

139 2341 322 2385 sigillorum
351 2345 540 2375 nostrorum
569 2341 710 2377 fecimus
741 2347 946 2390 appensione
975 2348 1104 2379 muniri.
1154 2345 1274 2379 Actum
1304 2344 1414 2389 Prage
1444 2342 1654 2390 presentibus
1683 2342 1768 2377 Ven.
1800 2346 1831 2376 in
1861 2342 1993 2376 Christo

141 2401 238 2435 Patre
273 2401 416 2436 Domino
455 2401 558 2436 fratre
600 2402 714 2437 Ulrico
756 2403 924 2451 Episcopo
962 2404 1095 2440 Curien.
1133 2410 1165 2439 et
1199 2404 1385 2440 Illustribus
1417 2403 1621 2450 Principibus
1656 2403 1799 2438 Domino
1839 2403 1994 2437 Bolezlao

139 2462 235 2496 Duce
255 2462 365 2496 Slesie
385 2462 527 2497 Domino
546 2462 743 2508 Lignincen.
774 2469 807 2498 et
822 2465 965 2500 Domino
986 2465 1126 2501 Nicolao
1142 2466 1237 2501 Duce
1266 2465 1396 2512 Opavie
1416 2470 1448 2499 et
1468 2465 1640 2509 Ratibore⁷
1670 2476 1733 2499 nec
1762 2475 1826 2499 non
1848 2463 1995 2498 Henriro

132 2522 315 2568 Prepesito
335 2522 514 2558 Melnicen.
545 2523 754 2559 cancellario
783 2530 896 2561 nostro
925 2531 957 2561 et
985 2527 1132 2562 Henrico
1161 2527 1202 2561 de
1230 2525 1538 2569 Leuchtemburch,
1568 2525 1754 2560 Haimanno
1783 2525 1824 2559 de
1840 2524 1992 2560 Nachod.
