<?xml version="1.0" encoding="UTF-8"?>
<!DOCTYPE html PUBLIC "-//W3C//DTD XHTML 1.0 Transitional//EN"
    "http://www.w3.org/TR/xhtml1/DTD/xhtml1-transitional.dtd">
<html xmlns="http://www.w3.org/1999/xhtml" xml:lang="en" lang="en">
 <head>
  <title>
</title>
<meta http-equiv="Content-Type" content="text/html;charset=utf-8" />
  <meta name='ocr-system' content='tesseract 3.04.00' />
  <meta name='ocr-capabilities' content='ocr_page ocr_carea ocr_par ocr_line ocrx_word'/>
</head>
<body>
  <div class='ocr_page' id='page_1' title='image "./codexdiplomaticu08morauoft_0224.png"; bbox 0 0 2206 2735; ppageno 0'>
   <div class='ocr_carea' id='block_1_1' title="bbox 1055 41 1120 75">
    <p class='ocr_par' dir='ltr' id='par_1_1' title="bbox 1055 41 1120 75">
     <span class='ocr_line' id='line_1_1' title="bbox 1055 41 1120 75; baseline 0.015 -1"><span class='ocrx_word' id='word_1_1' title='bbox 1055 41 1120 75; x_wconf 65' lang='lat'><strong>19⁴²</strong></span> 
     </span>
    </p>
   </div>
   <div class='ocr_carea' id='block_1_2' title="bbox 1039 205 1146 241">
    <p class='ocr_par' dir='ltr' id='par_1_2' title="bbox 1039 205 1146 241">
     <span class='ocr_line' id='line_1_2' title="bbox 1039 205 1146 241; baseline -0.009 0"><span class='ocrx_word' id='word_1_2' title='bbox 1039 205 1146 241; x_wconf 72' lang='lat'><strong>259.</strong></span> 
     </span>
    </p>
   </div>
   <div class='ocr_carea' id='block_1_3' title="bbox 155 282 2014 439">
    <p class='ocr_par' dir='ltr' id='par_1_3' title="bbox 155 282 2014 439">
     <span class='ocr_line' id='line_1_3' title="bbox 160 282 2014 331; baseline -0.005 -9"><span class='ocrx_word' id='word_1_3' title='bbox 160 288 268 331; x_wconf 73' lang='lat' dir='ltr'><strong>Popst</strong></span> <span class='ocrx_word' id='word_1_4' title='bbox 297 286 466 319; x_wconf 65' lang='lat' dir='ltr'><strong>Innocens</strong></span> <span class='ocrx_word' id='word_1_5' title='bbox 504 284 555 320; x_wconf 72' lang='grc' dir='ltr'><strong>ΓΙ.</strong></span> <span class='ocrx_word' id='word_1_6' title='bbox 587 284 862 329; x_wconf 69' lang='lat' dir='ltr'><strong>benachriclmql</strong></span> <span class='ocrx_word' id='word_1_7' title='bbox 897 285 959 318; x_wconf 81' lang='lat' dir='ltr'><strong>den</strong></span> <span class='ocrx_word' id='word_1_8' title='bbox 992 284 1270 329; x_wconf 74' lang='lat' dir='ltr'><strong>Ordensqeueral</strong></span> <span class='ocrx_word' id='word_1_9' title='bbox 1288 284 1357 317; x_wconf 70' lang='lat' dir='ltr'><strong>&#39;der</strong></span> <span class='ocrx_word' id='word_1_10' title='bbox 1387 282 1822 327; x_wconf 71' lang='lat' dir='ltr'><strong>Auyustn&#39;ner-Eremitere.</strong></span> <span class='ocrx_word' id='word_1_11' title='bbox 1857 282 1937 315; x_wconf 82' lang='lat' dir='ltr'><strong>dass</strong></span> <span class='ocrx_word' id='word_1_12' title='bbox 1975 292 2014 314; x_wconf 77' lang='lat' dir='ltr'><strong>et·</strong></span> 
     </span>
     <span class='ocr_line' id='line_1_4' title="bbox 155 343 2012 390; baseline -0.004 -9"><span class='ocrx_word' id='word_1_13' title='bbox 155 348 227 381; x_wconf 76' lang='lat' dir='ltr'><strong>dem</strong></span> <span class='ocrx_word' id='word_1_14' title='bbox 258 346 372 380; x_wconf 71' lang='lat' dir='ltr'><strong>Cenelc</strong></span> <span class='ocrx_word' id='word_1_15' title='bbox 401 357 463 380; x_wconf 80' lang='lat' dir='ltr'><strong>con</strong></span> <span class='ocrx_word' id='word_1_16' title='bbox 500 344 583 390; x_wconf 75' lang='lat' dir='ltr'><strong>Lipa</strong></span> <span class='ocrx_word' id='word_1_17' title='bbox 613 346 667 380; x_wconf 80' lang='lat' dir='ltr'><strong>de&#39;e</strong></span> <span class='ocrx_word' id='word_1_18' title='bbox 698 345 910 390; x_wconf 69' lang='lat' dir='ltr'><strong>Erri&#39;clatemq</strong></span> <span class='ocrx_word' id='word_1_19' title='bbox 939 347 1033 378; x_wconf 75' lang='lat' dir='ltr'><strong>eines</strong></span> <span class='ocrx_word' id='word_1_20' title='bbox 1064 345 1223 379; x_wconf 67' lang='lat' dir='ltr'><strong>lt&#39;losters</strong></span> <span class='ocrx_word' id='word_1_21' title='bbox 1251 343 1428 378; x_wconf 82' lang='lat' dir='ltr'><em>desselben</em></span> <span class='ocrx_word' id='word_1_22' title='bbox 1459 343 1589 377; x_wconf 74' lang='lat' dir='ltr'><strong>Ordens</strong></span> <span class='ocrx_word' id='word_1_23' title='bbox 1617 344 1650 376; x_wconf 74' lang='lat' dir='ltr'><strong>iu</strong></span> <span class='ocrx_word' id='word_1_24' title='bbox 1673 343 1826 376; x_wconf 65' lang='lat' dir='ltr'><strong>lsi-oman</strong></span> <span class='ocrx_word' id='word_1_25' title='bbox 1845 345 2012 386; x_wconf 72' lang='lat' dir='ltr'><strong>qeslattel</strong></span> 
     </span>
     <span class='ocr_line' id='line_1_5' title="bbox 709 404 1463 439; baseline 0 0"><span class='ocrx_word' id='word_1_26' title='bbox 709 405 808 439; x_wconf 76' lang='lat' dir='ltr'><strong>habe.</strong></span> <span class='ocrx_word' id='word_1_27' title='bbox 839 406 898 439; x_wconf 70' lang='lat' dir='ltr'><strong>Dc.</strong></span> <span class='ocrx_word' id='word_1_28' title='bbox 930 406 1100 439; x_wconf 62' lang='lat' dir='ltr'><strong>..winone</strong></span> <span class='ocrx_word' id='word_1_29' title='bbox 1129 406 1188 439; x_wconf 74' lang='lat'><strong>22.</strong></span> <span class='ocrx_word' id='word_1_30' title='bbox 1219 405 1320 439; x_wconf 79' lang='lat' dir='ltr'><strong>Febr.</strong></span> <span class='ocrx_word' id='word_1_31' title='bbox 1354 404 1463 438; x_wconf 76' lang='lat'><em>1354.</em></span> 
     </span>
    </p>
   </div>
   <div class='ocr_carea' id='block_1_4' title="bbox 159 475 2025 2177">
    <p class='ocr_par' dir='ltr' id='par_1_4' title="bbox 159 475 2015 598">
     <span class='ocr_line' id='line_1_6' title="bbox 343 475 2015 539; baseline -0.004 -11"><span class='ocrx_word' id='word_1_32' title='bbox 343 475 567 528; x_wconf 74' lang='lat' dir='ltr'><strong>Innocentius</strong></span> <span class='ocrx_word' id='word_1_33' title='bbox 598 492 785 539; x_wconf 81' lang='lat' dir='ltr'>Episcopus</span> <span class='ocrx_word' id='word_1_34' title='bbox 815 491 946 526; x_wconf 85' lang='lat' dir='ltr'><strong>Servus</strong></span> <span class='ocrx_word' id='word_1_35' title='bbox 977 491 1161 527; x_wconf 79' lang='lat' dir='ltr'><strong>Servorum</strong></span> <span class='ocrx_word' id='word_1_36' title='bbox 1192 491 1254 526; x_wconf 89' lang='lat' dir='ltr'><strong>Dei</strong></span> <span class='ocrx_word' id='word_1_37' title='bbox 1291 491 1429 525; x_wconf 82' lang='lat' dir='ltr'><strong>Dilectis</strong></span> <span class='ocrx_word' id='word_1_38' title='bbox 1465 490 1538 524; x_wconf 85' lang='lat' dir='ltr'><strong>liliis</strong></span> <span class='ocrx_word' id='word_1_39' title='bbox 1570 518 1576 525; x_wconf 91' lang='lat'>.</span> <span class='ocrx_word' id='word_1_40' title='bbox 1609 517 1615 524; x_wconf 93' lang='lat'><strong>.</strong></span> <span class='ocrx_word' id='word_1_41' title='bbox 1655 489 1758 524; x_wconf 84' lang='lat' dir='ltr'><strong>Priori</strong></span> <span class='ocrx_word' id='word_1_42' title='bbox 1798 489 1953 523; x_wconf 75' lang='lat' dir='ltr'><strong>Generali</strong></span> <span class='ocrx_word' id='word_1_43' title='bbox 1985 493 2015 523; x_wconf 90' lang='lat' dir='ltr'><strong>et</strong></span> 
     </span>
     <span class='ocr_line' id='line_1_7' title="bbox 159 549 1900 598; baseline -0.003 -10"><span class='ocrx_word' id='word_1_44' title='bbox 159 553 316 588; x_wconf 81' lang='lat' dir='ltr'><strong>fratribus</strong></span> <span class='ocrx_word' id='word_1_45' title='bbox 347 554 471 588; x_wconf 87' lang='lat' dir='ltr'><strong>ordinis</strong></span> <span class='ocrx_word' id='word_1_46' title='bbox 500 553 743 588; x_wconf 78' lang='lat' dir='ltr'><strong>Hercmitarum</strong></span> <span class='ocrx_word' id='word_1_47' title='bbox 774 555 879 586; x_wconf 88' lang='lat' dir='ltr'><strong>sancti</strong></span> <span class='ocrx_word' id='word_1_48' title='bbox 910 552 1091 598; x_wconf 78' lang='lat' dir='ltr'>Augustini</span> <span class='ocrx_word' id='word_1_49' title='bbox 1121 552 1268 587; x_wconf 85' lang='lat' dir='ltr'><strong>Salutem</strong></span> <span class='ocrx_word' id='word_1_50' title='bbox 1299 557 1329 586; x_wconf 88' lang='lat' dir='ltr'><strong>et</strong></span> <span class='ocrx_word' id='word_1_51' title='bbox 1361 551 1590 598; x_wconf 80' lang='lat' dir='ltr'><strong>Apostolicain</strong></span> <span class='ocrx_word' id='word_1_52' title='bbox 1621 549 1900 583; x_wconf 83' lang='lat' dir='ltr'><strong>Benedictioncin.</strong></span> 
     </span>
    </p>

    <p class='ocr_par' dir='ltr' id='par_1_5' title="bbox 159 610 2025 2177">
     <span class='ocr_line' id='line_1_8' title="bbox 315 610 2018 660; baseline -0.004 -11"><span class='ocrx_word' id='word_1_53' title='bbox 315 615 420 650; x_wconf 85' lang='lat' dir='ltr'><strong>Sacrc</strong></span> <span class='ocrx_word' id='word_1_54' title='bbox 450 619 563 649; x_wconf 61' lang='lat' dir='ltr'><strong>vestre</strong></span> <span class='ocrx_word' id='word_1_55' title='bbox 593 614 780 659; x_wconf 78' lang='lat' dir='ltr'><strong>Religionis</strong></span> <span class='ocrx_word' id='word_1_56' title='bbox 810 612 944 647; x_wconf 75' lang='lat' dir='ltr'><strong>devotio</strong></span> <span class='ocrx_word' id='word_1_57' title='bbox 974 618 1194 660; x_wconf 70' lang='lat' dir='ltr'><strong>promeretur,</strong></span> <span class='ocrx_word' id='word_1_58' title='bbox 1225 618 1258 647; x_wconf 87' lang='lat' dir='ltr'><strong>ut</strong></span> <span class='ocrx_word' id='word_1_59' title='bbox 1288 616 1373 647; x_wconf 77' lang='lat' dir='ltr'><strong>votis</strong></span> <span class='ocrx_word' id='word_1_60' title='bbox 1403 615 1524 646; x_wconf 63' lang='lat' dir='ltr'><strong>vestris</strong></span> <span class='ocrx_word' id='word_1_61' title='bbox 1554 615 1584 645; x_wconf 93' lang='lat' dir='ltr'><strong>in</strong></span> <span class='ocrx_word' id='word_1_62' title='bbox 1615 610 1675 645; x_wconf 84' lang='lat' dir='ltr'><strong>hiis</strong></span> <span class='ocrx_word' id='word_1_63' title='bbox 1705 613 1846 644; x_wconf 79' lang='lat' dir='ltr'><strong>maxime</strong></span> <span class='ocrx_word' id='word_1_64' title='bbox 1876 621 2018 657; x_wconf 82' lang='lat' dir='ltr'><strong>perque</strong></span> 
     </span>
     <span class='ocr_line' id='line_1_9' title="bbox 159 672 2019 721; baseline -0.003 -12"><span class='ocrx_word' id='word_1_65' title='bbox 159 676 240 710; x_wconf 86' lang='lat' dir='ltr'><strong>ordo</strong></span> <span class='ocrx_word' id='word_1_66' title='bbox 271 679 386 709; x_wconf 78' lang='lat' dir='ltr'><strong>vester</strong></span> <span class='ocrx_word' id='word_1_67' title='bbox 415 675 453 709; x_wconf 85' lang='lat' dir='ltr'><strong>ad</strong></span> <span class='ocrx_word' id='word_1_68' title='bbox 486 675 588 709; x_wconf 68' lang='lat' dir='ltr'><strong>divini</strong></span> <span class='ocrx_word' id='word_1_69' title='bbox 618 677 761 708; x_wconf 90' lang='lat' dir='ltr'><strong>nominis</strong></span> <span class='ocrx_word' id='word_1_70' title='bbox 793 673 920 708; x_wconf 87' lang='lat' dir='ltr'><strong>laudem</strong></span> <span class='ocrx_word' id='word_1_71' title='bbox 951 677 1122 721; x_wconf 78' lang='lat' dir='ltr'><strong>prosperis</strong></span> <span class='ocrx_word' id='word_1_72' title='bbox 1153 672 1367 708; x_wconf 76' lang='lat' dir='ltr'>successibus</span> <span class='ocrx_word' id='word_1_73' title='bbox 1403 673 1526 715; x_wconf 72' lang='lat' dir='ltr'><strong>affluat,</strong></span> <span class='ocrx_word' id='word_1_74' title='bbox 1565 676 1595 705; x_wconf 91' lang='lat' dir='ltr'><strong>ct</strong></span> <span class='ocrx_word' id='word_1_75' title='bbox 1632 675 1726 715; x_wconf 79' lang='lat' dir='ltr'><strong>grate</strong></span> <span class='ocrx_word' id='word_1_76' title='bbox 1769 673 2019 717; x_wconf 70' lang='lat' dir='ltr'><strong>propagationis</strong></span> 
     </span>
     <span class='ocr_line' id='line_1_10' title="bbox 159 730 2017 783; baseline -0.003 -14"><span class='ocrx_word' id='word_1_77' title='bbox 159 736 300 783; x_wconf 81' lang='lat' dir='ltr'><strong>profitiat</strong></span> <span class='ocrx_word' id='word_1_78' title='bbox 331 739 572 770; x_wconf 83' lang='lat' dir='ltr'><strong>incrementum</strong></span> <span class='ocrx_word' id='word_1_79' title='bbox 604 734 836 769; x_wconf 69' lang='lat' dir='ltr'><strong>favorabiliter</strong></span> <span class='ocrx_word' id='word_1_80' title='bbox 872 746 1069 768; x_wconf 88' lang='lat' dir='ltr'><strong>annuamus.</strong></span> <span class='ocrx_word' id='word_1_81' title='bbox 1120 734 1210 768; x_wconf 86' lang='lat' dir='ltr'><strong>Sane</strong></span> <span class='ocrx_word' id='word_1_82' title='bbox 1248 737 1360 780; x_wconf 89' lang='lat' dir='ltr'><strong>petitio</strong></span> <span class='ocrx_word' id='word_1_83' title='bbox 1396 745 1455 780; x_wconf 91' lang='lat' dir='ltr'><strong>pro</strong></span> <span class='ocrx_word' id='word_1_84' title='bbox 1499 737 1592 779; x_wconf 88' lang='lat' dir='ltr'><strong>parte</strong></span> <span class='ocrx_word' id='word_1_85' title='bbox 1622 736 1736 766; x_wconf 72' lang='lat' dir='ltr'><strong>vestra</strong></span> <span class='ocrx_word' id='word_1_86' title='bbox 1766 735 1797 764; x_wconf 85' lang='lat' dir='ltr'><strong>ct</strong></span> <span class='ocrx_word' id='word_1_87' title='bbox 1826 730 1933 765; x_wconf 85' lang='lat' dir='ltr'><strong>dilecti</strong></span> <span class='ocrx_word' id='word_1_88' title='bbox 1964 732 2017 765; x_wconf 88' lang='lat' dir='ltr'><strong>lilii</strong></span> 
     </span>
     <span class='ocr_line' id='line_1_11' title="bbox 160 791 2017 842; baseline -0.003 -11"><span class='ocrx_word' id='word_1_89' title='bbox 160 797 285 832; x_wconf 77' lang='lat' dir='ltr'><strong>Nobilis</strong></span> <span class='ocrx_word' id='word_1_90' title='bbox 315 796 383 830; x_wconf 68' lang='lat' dir='ltr'><strong>Viri</strong></span> <span class='ocrx_word' id='word_1_91' title='bbox 422 795 633 830; x_wconf 78' lang='lat' dir='ltr'><strong>Czenchonis</strong></span> <span class='ocrx_word' id='word_1_92' title='bbox 675 795 715 830; x_wconf 85' lang='lat' dir='ltr'><strong>‹le</strong></span> <span class='ocrx_word' id='word_1_93' title='bbox 759 795 858 842; x_wconf 81' lang='lat' dir='ltr'><strong>Lippa</strong></span> <span class='ocrx_word' id='word_1_94' title='bbox 890 795 1105 830; x_wconf 88' lang='lat' dir='ltr'><strong>Olomucens.</strong></span> <span class='ocrx_word' id='word_1_95' title='bbox 1152 795 1305 829; x_wconf 87' lang='lat' dir='ltr'><strong>Diocesis</strong></span> <span class='ocrx_word' id='word_1_96' title='bbox 1349 794 1444 829; x_wconf 84' lang='lat' dir='ltr'><strong>nobis</strong></span> <span class='ocrx_word' id='word_1_97' title='bbox 1487 804 1590 839; x_wconf 89' lang='lat' dir='ltr'><strong>nuper</strong></span> <span class='ocrx_word' id='word_1_98' title='bbox 1631 791 1778 826; x_wconf 81' lang='lat' dir='ltr'><strong>exhibita</strong></span> <span class='ocrx_word' id='word_1_99' title='bbox 1817 791 2017 834; x_wconf 74' lang='lat' dir='ltr'><strong>continebat,</strong></span> 
     </span>
     <span class='ocr_line' id='line_1_12' title="bbox 159 852 2018 904; baseline -0.003 -13"><span class='ocrx_word' id='word_1_100' title='bbox 159 858 244 903; x_wconf 88' lang='lat' dir='ltr'><strong>quod</strong></span> <span class='ocrx_word' id='word_1_101' title='bbox 275 861 345 904; x_wconf 88' lang='lat' dir='ltr'><strong>ipse</strong></span> <span class='ocrx_word' id='word_1_102' title='bbox 375 857 414 890; x_wconf 89' lang='lat' dir='ltr'><strong>de</strong></span> <span class='ocrx_word' id='word_1_103' title='bbox 443 857 549 891; x_wconf 83' lang='lat' dir='ltr'><strong>salute</strong></span> <span class='ocrx_word' id='word_1_104' title='bbox 579 859 713 903; x_wconf 85' lang='lat' dir='ltr'><strong>propria</strong></span> <span class='ocrx_word' id='word_1_105' title='bbox 744 859 911 901; x_wconf 84' lang='lat' dir='ltr'><strong>cogitans.</strong></span> <span class='ocrx_word' id='word_1_106' title='bbox 943 861 974 889; x_wconf 90' lang='lat' dir='ltr'><strong>et</strong></span> <span class='ocrx_word' id='word_1_107' title='bbox 1005 859 1057 902; x_wconf 89' lang='lat' dir='ltr'><strong>pie</strong></span> <span class='ocrx_word' id='word_1_108' title='bbox 1087 855 1279 890; x_wconf 84' lang='lat' dir='ltr'><strong>desiderans</strong></span> <span class='ocrx_word' id='word_1_109' title='bbox 1309 858 1497 890; x_wconf 88' lang='lat' dir='ltr'><strong>transitoria</strong></span> <span class='ocrx_word' id='word_1_110' title='bbox 1528 857 1558 888; x_wconf 93' lang='lat' dir='ltr'><strong>in</strong></span> <span class='ocrx_word' id='word_1_111' title='bbox 1580 858 1695 887; x_wconf 88' lang='lat' dir='ltr'><strong>eterna</strong></span> <span class='ocrx_word' id='word_1_112' title='bbox 1717 852 1804 886; x_wconf 81' lang='lat' dir='ltr'><strong>felici</strong></span> <span class='ocrx_word' id='word_1_113' title='bbox 1826 856 2018 886; x_wconf 86' lang='lat' dir='ltr'><strong>commertio</strong></span> 
     </span>
     <span class='ocr_line' id='line_1_13' title="bbox 160 913 2022 963; baseline -0.003 -11"><span class='ocrx_word' id='word_1_114' title='bbox 160 923 375 952; x_wconf 82' lang='lat' dir='ltr'><strong>commutare.</strong></span> <span class='ocrx_word' id='word_1_115' title='bbox 407 917 444 951; x_wconf 85' lang='lat' dir='ltr'><strong>ad</strong></span> <span class='ocrx_word' id='word_1_116' title='bbox 476 917 578 951; x_wconf 72' lang='lat' dir='ltr'><strong>divini</strong></span> <span class='ocrx_word' id='word_1_117' title='bbox 616 918 724 951; x_wconf 87' lang='lat' dir='ltr'><strong>cultus</strong></span> <span class='ocrx_word' id='word_1_118' title='bbox 767 921 980 962; x_wconf 84' lang='lat' dir='ltr'><strong>augmentum</strong></span> <span class='ocrx_word' id='word_1_119' title='bbox 1017 928 1076 963; x_wconf 89' lang='lat' dir='ltr'><strong>pro</strong></span> <span class='ocrx_word' id='word_1_120' title='bbox 1114 928 1173 950; x_wconf 87' lang='lat' dir='ltr'><strong>sue</strong></span> <span class='ocrx_word' id='word_1_121' title='bbox 1203 927 1405 963; x_wconf 89' lang='lat' dir='ltr'><strong>suorumque</strong></span> <span class='ocrx_word' id='word_1_122' title='bbox 1427 918 1673 962; x_wconf 77' lang='lat' dir='ltr'><strong>progenitorum</strong></span> <span class='ocrx_word' id='word_1_123' title='bbox 1704 916 1886 947; x_wconf 86' lang='lat' dir='ltr'><strong>animarum</strong></span> <span class='ocrx_word' id='word_1_124' title='bbox 1916 913 2022 947; x_wconf 86' lang='lat' dir='ltr'><strong>salute</strong></span> 
     </span>
     <span class='ocr_line' id='line_1_14' title="bbox 159 974 2022 1020; baseline -0.004 -7"><span class='ocrx_word' id='word_1_125' title='bbox 159 990 258 1013; x_wconf 88' lang='lat' dir='ltr'><strong>unum</strong></span> <span class='ocrx_word' id='word_1_126' title='bbox 288 979 394 1012; x_wconf 80' lang='lat' dir='ltr'><strong>locum</strong></span> <span class='ocrx_word' id='word_1_127' title='bbox 424 989 497 1012; x_wconf 90' lang='lat' dir='ltr'><strong>cum</strong></span> <span class='ocrx_word' id='word_1_128' title='bbox 527 978 672 1012; x_wconf 83' lang='lat' dir='ltr'><strong>ccclesia</strong></span> <span class='ocrx_word' id='word_1_129' title='bbox 716 988 775 1011; x_wconf 87' lang='lat' dir='ltr'><strong>seu</strong></span> <span class='ocrx_word' id='word_1_130' title='bbox 818 980 963 1011; x_wconf 91' lang='lat' dir='ltr'><strong>oratorio</strong></span> <span class='ocrx_word' id='word_1_131' title='bbox 1003 988 1042 1010; x_wconf 87' lang='lat' dir='ltr'><strong>ac</strong></span> <span class='ocrx_word' id='word_1_132' title='bbox 1086 979 1248 1011; x_wconf 86' lang='lat' dir='ltr'><strong>cimiterio</strong></span> <span class='ocrx_word' id='word_1_133' title='bbox 1292 982 1323 1011; x_wconf 86' lang='lat' dir='ltr'><strong>et</strong></span> <span class='ocrx_word' id='word_1_134' title='bbox 1367 978 1438 1011; x_wconf 89' lang='lat' dir='ltr'><strong>aliis</strong></span> <span class='ocrx_word' id='word_1_135' title='bbox 1482 978 1682 1010; x_wconf 87' lang='lat' dir='ltr'><strong>necessariis</strong></span> <span class='ocrx_word' id='word_1_136' title='bbox 1713 974 1866 1016; x_wconf 68' lang='lat' dir='ltr'><strong>officinis,</strong></span> <span class='ocrx_word' id='word_1_137' title='bbox 1898 976 2022 1020; x_wconf 93' lang='lat' dir='ltr'><strong>inquo</strong></span> 
     </span>
     <span class='ocr_line' id='line_1_15' title="bbox 163 1033 2020 1084; baseline -0.003 -11"><span class='ocrx_word' id='word_1_138' title='bbox 163 1039 283 1073; x_wconf 77' lang='lat' dir='ltr'><strong>fratres</strong></span> <span class='ocrx_word' id='word_1_139' title='bbox 313 1042 417 1073; x_wconf 72' lang='lat' dir='ltr'><strong>vestri</strong></span> <span class='ocrx_word' id='word_1_140' title='bbox 447 1039 572 1072; x_wconf 77' lang='lat' dir='ltr'><strong>ordinis</strong></span> <span class='ocrx_word' id='word_1_141' title='bbox 603 1039 735 1073; x_wconf 78' lang='lat' dir='ltr'><strong>valeant</strong></span> <span class='ocrx_word' id='word_1_142' title='bbox 767 1042 926 1084; x_wconf 84' lang='lat' dir='ltr'><strong>perpetuo</strong></span> <span class='ocrx_word' id='word_1_143' title='bbox 956 1041 1166 1081; x_wconf 55' lang='lat' dir='ltr'><strong>coiumorarh</strong></span> <span class='ocrx_word' id='word_1_144' title='bbox 1207 1038 1246 1071; x_wconf 87' lang='lat' dir='ltr'><strong>dc</strong></span> <span class='ocrx_word' id='word_1_145' title='bbox 1285 1037 1378 1071; x_wconf 88' lang='lat' dir='ltr'><strong>bonis</strong></span> <span class='ocrx_word' id='word_1_146' title='bbox 1417 1037 1475 1071; x_wconf 83' lang='lat' dir='ltr'><strong>sibi</strong></span> <span class='ocrx_word' id='word_1_147' title='bbox 1515 1048 1532 1071; x_wconf 84' lang='lat' dir='ltr'><strong>a</strong></span> <span class='ocrx_word' id='word_1_148' title='bbox 1571 1036 1640 1070; x_wconf 88' lang='lat' dir='ltr'><strong>Deo</strong></span> <span class='ocrx_word' id='word_1_149' title='bbox 1670 1036 1799 1069; x_wconf 82' lang='lat' dir='ltr'><strong>collatis</strong></span> <span class='ocrx_word' id='word_1_150' title='bbox 1829 1038 1860 1069; x_wconf 94' lang='lat' dir='ltr'><strong>in</strong></span> <span class='ocrx_word' id='word_1_151' title='bbox 1891 1033 2020 1081; x_wconf 89' lang='lat' dir='ltr'><strong>Oppido</strong></span> 
     </span>
     <span class='ocr_line' id='line_1_16' title="bbox 161 1096 2021 1144; baseline -0.002 -11"><span class='ocrx_word' id='word_1_152' title='bbox 161 1111 221 1135; x_wconf 84' lang='lat' dir='ltr'><strong>suo</strong></span> <span class='ocrx_word' id='word_1_153' title='bbox 251 1111 310 1133; x_wconf 83' lang='lat' dir='ltr'><strong>scu</strong></span> <span class='ocrx_word' id='word_1_154' title='bbox 341 1100 416 1133; x_wconf 75' lang='lat' dir='ltr'><strong>villa</strong></span> <span class='ocrx_word' id='word_1_155' title='bbox 446 1104 571 1133; x_wconf 85' lang='lat' dir='ltr'><strong>murata</strong></span> <span class='ocrx_word' id='word_1_156' title='bbox 602 1100 782 1133; x_wconf 84' lang='lat' dir='ltr'><strong>Criminaw</strong></span> <span class='ocrx_word' id='word_1_157' title='bbox 812 1099 896 1144; x_wconf 76' lang='lat' dir='ltr'><strong>(sic)</strong></span> <span class='ocrx_word' id='word_1_158' title='bbox 933 1103 1123 1144; x_wconf 78' lang='lat' dir='ltr'><strong>nuncupato</strong></span> <span class='ocrx_word' id='word_1_159' title='bbox 1159 1098 1244 1132; x_wconf 87' lang='lat' dir='ltr'><strong>dicte</strong></span> <span class='ocrx_word' id='word_1_160' title='bbox 1275 1098 1469 1133; x_wconf 88' lang='lat' dir='ltr'><strong>Olomuccn.</strong></span> <span class='ocrx_word' id='word_1_161' title='bbox 1507 1097 1660 1132; x_wconf 88' lang='lat' dir='ltr'><strong>Diocesis</strong></span> <span class='ocrx_word' id='word_1_162' title='bbox 1697 1096 1835 1130; x_wconf 83' lang='lat' dir='ltr'><strong>fundare</strong></span> <span class='ocrx_word' id='word_1_163' title='bbox 1873 1101 1905 1130; x_wconf 89' lang='lat' dir='ltr'><strong>et</strong></span> <span class='ocrx_word' id='word_1_164' title='bbox 1935 1106 2021 1129; x_wconf 90' lang='lat' dir='ltr'><strong>con-</strong></span> 
     </span>
     <span class='ocr_line' id='line_1_17' title="bbox 161 1156 2020 1206; baseline -0.002 -12"><span class='ocrx_word' id='word_1_165' title='bbox 161 1164 239 1195; x_wconf 86' lang='lat' dir='ltr'><strong>strui</strong></span> <span class='ocrx_word' id='word_1_166' title='bbox 271 1160 384 1194; x_wconf 78' lang='lat' dir='ltr'><strong>tacere</strong></span> <span class='ocrx_word' id='word_1_167' title='bbox 413 1163 585 1206; x_wconf 77' lang='lat' dir='ltr'><strong>proposuit</strong></span> <span class='ocrx_word' id='word_1_168' title='bbox 614 1164 645 1193; x_wconf 86' lang='lat' dir='ltr'><strong>ct</strong></span> <span class='ocrx_word' id='word_1_169' title='bbox 675 1159 824 1193; x_wconf 80' lang='lat' dir='ltr'><strong>intendit.</strong></span> <span class='ocrx_word' id='word_1_170' title='bbox 856 1158 968 1200; x_wconf 69' lang='lat' dir='ltr'><strong>Qun-e</strong></span> <span class='ocrx_word' id='word_1_171' title='bbox 996 1170 1054 1204; x_wconf 90' lang='lat' dir='ltr'><strong>pro</strong></span> <span class='ocrx_word' id='word_1_172' title='bbox 1084 1164 1175 1205; x_wconf 86' lang='lat' dir='ltr'><strong>parte</strong></span> <span class='ocrx_word' id='word_1_173' title='bbox 1205 1164 1317 1193; x_wconf 72' lang='lat' dir='ltr'><strong>vestra</strong></span> <span class='ocrx_word' id='word_1_174' title='bbox 1348 1164 1379 1193; x_wconf 86' lang='lat' dir='ltr'><strong>et</strong></span> <span class='ocrx_word' id='word_1_175' title='bbox 1408 1162 1511 1205; x_wconf 89' lang='lat' dir='ltr'><strong>ipsius</strong></span> <span class='ocrx_word' id='word_1_176' title='bbox 1542 1157 1668 1192; x_wconf 84' lang='lat' dir='ltr'><strong>Nobilis</strong></span> <span class='ocrx_word' id='word_1_177' title='bbox 1699 1156 1754 1191; x_wconf 87' lang='lat' dir='ltr'><strong>suit</strong></span> <span class='ocrx_word' id='word_1_178' title='bbox 1786 1157 1879 1190; x_wconf 88' lang='lat' dir='ltr'><strong>nohis</strong></span> <span class='ocrx_word' id='word_1_179' title='bbox 1909 1157 2020 1190; x_wconf 89' lang='lat' dir='ltr'><strong>humi-</strong></span> 
     </span>
     <span class='ocr_line' id='line_1_18' title="bbox 162 1216 2019 1267; baseline -0.003 -12"><span class='ocrx_word' id='word_1_180' title='bbox 162 1222 235 1255; x_wconf 88' lang='lat' dir='ltr'><strong>liter</strong></span> <span class='ocrx_word' id='word_1_181' title='bbox 262 1221 493 1267; x_wconf 80' lang='lat' dir='ltr'><strong>supplicatum.</strong></span> <span class='ocrx_word' id='word_1_182' title='bbox 526 1226 557 1255; x_wconf 90' lang='lat' dir='ltr'><strong>ut</strong></span> <span class='ocrx_word' id='word_1_183' title='bbox 588 1221 693 1255; x_wconf 88' lang='lat' dir='ltr'><strong>eidem</strong></span> <span class='ocrx_word' id='word_1_184' title='bbox 731 1220 922 1254; x_wconf 89' lang='lat' dir='ltr'><strong>Czenchoui</strong></span> <span class='ocrx_word' id='word_1_185' title='bbox 965 1219 1122 1253; x_wconf 80' lang='lat' dir='ltr'><strong>fundandi</strong></span> <span class='ocrx_word' id='word_1_186' title='bbox 1165 1225 1195 1254; x_wconf 88' lang='lat' dir='ltr'><strong>ct</strong></span> <span class='ocrx_word' id='word_1_187' title='bbox 1237 1219 1452 1253; x_wconf 89' lang='lat' dir='ltr'><strong>construendi</strong></span> <span class='ocrx_word' id='word_1_188' title='bbox 1496 1218 1659 1264; x_wconf 72' lang='lat' dir='ltr'><strong>vobisque</strong></span> <span class='ocrx_word' id='word_1_189' title='bbox 1695 1216 1876 1263; x_wconf 74' lang='lat' dir='ltr'><strong>recipiendi</strong></span> <span class='ocrx_word' id='word_1_190' title='bbox 1914 1217 2019 1251; x_wconf 91' lang='lat' dir='ltr'><strong>locum</strong></span> 
     </span>
     <span class='ocr_line' id='line_1_19' title="bbox 161 1277 2020 1327; baseline -0.002 -12"><span class='ocrx_word' id='word_1_191' title='bbox 161 1281 347 1315; x_wconf 88' lang='lat' dir='ltr'><strong>huiusmodi</strong></span> <span class='ocrx_word' id='word_1_192' title='bbox 390 1282 555 1315; x_wconf 84' lang='lat' dir='ltr'><strong>licentiam</strong></span> <span class='ocrx_word' id='word_1_193' title='bbox 599 1283 774 1327; x_wconf 77' lang='lat' dir='ltr'><strong>presertim</strong></span> <span class='ocrx_word' id='word_1_194' title='bbox 817 1291 889 1314; x_wconf 88' lang='lat' dir='ltr'><strong>cum</strong></span> <span class='ocrx_word' id='word_1_195' title='bbox 933 1280 972 1314; x_wconf 84' lang='lat' dir='ltr'><strong>ad</strong></span> <span class='ocrx_word' id='word_1_196' title='bbox 1015 1280 1077 1314; x_wconf 89' lang='lat' dir='ltr'><strong>hoc</strong></span> <span class='ocrx_word' id='word_1_197' title='bbox 1120 1281 1290 1315; x_wconf 77' lang='lat' dir='ltr'><strong>diocesani</strong></span> <span class='ocrx_word' id='word_1_198' title='bbox 1333 1281 1396 1315; x_wconf 91' lang='lat' dir='ltr'><strong>loci</strong></span> <span class='ocrx_word' id='word_1_199' title='bbox 1439 1279 1580 1314; x_wconf 77' lang='lat' dir='ltr'><strong>accedat</strong></span> <span class='ocrx_word' id='word_1_200' title='bbox 1621 1290 1783 1313; x_wconf 75' lang='lat' dir='ltr'><strong>assensus</strong></span> <span class='ocrx_word' id='word_1_201' title='bbox 1832 1277 2020 1312; x_wconf 82' lang='lat' dir='ltr'><strong>concedere</strong></span> 
     </span>
     <span class='ocr_line' id='line_1_20' title="bbox 163 1339 2019 1388; baseline -0.003 -12"><span class='ocrx_word' id='word_1_202' title='bbox 163 1343 388 1388; x_wconf 75' lang='lat' dir='ltr'><strong>dignaremur.</strong></span> <span class='ocrx_word' id='word_1_203' title='bbox 426 1341 495 1375; x_wconf 79' lang='lat' dir='ltr'><strong>Nos</strong></span> <span class='ocrx_word' id='word_1_204' title='bbox 526 1345 637 1387; x_wconf 89' lang='lat' dir='ltr'><strong>itaque</strong></span> <span class='ocrx_word' id='word_1_205' title='bbox 665 1344 788 1375; x_wconf 82' lang='lat' dir='ltr'><strong>vestris</strong></span> <span class='ocrx_word' id='word_1_206' title='bbox 819 1352 881 1375; x_wconf 86' lang='lat' dir='ltr'><strong>nec</strong></span> <span class='ocrx_word' id='word_1_207' title='bbox 911 1352 976 1375; x_wconf 92' lang='lat' dir='ltr'><strong>non</strong></span> <span class='ocrx_word' id='word_1_208' title='bbox 1006 1340 1176 1375; x_wconf 78' lang='lat' dir='ltr'><strong>Cat-issimi</strong></span> <span class='ocrx_word' id='word_1_209' title='bbox 1207 1345 1237 1375; x_wconf 92' lang='lat' dir='ltr'><strong>in</strong></span> <span class='ocrx_word' id='word_1_210' title='bbox 1269 1342 1399 1375; x_wconf 86' lang='lat' dir='ltr'><strong>Christo</strong></span> <span class='ocrx_word' id='word_1_211' title='bbox 1430 1341 1483 1375; x_wconf 88' lang='lat' dir='ltr'><strong>lilii</strong></span> <span class='ocrx_word' id='word_1_212' title='bbox 1514 1343 1618 1374; x_wconf 85' lang='lat' dir='ltr'><strong>nostri</strong></span> <span class='ocrx_word' id='word_1_213' title='bbox 1649 1339 1756 1374; x_wconf 85' lang='lat' dir='ltr'><strong>Caroli</strong></span> <span class='ocrx_word' id='word_1_214' title='bbox 1794 1339 2019 1373; x_wconf 81' lang='lat' dir='ltr'><strong>Romanorum</strong></span> 
     </span>
     <span class='ocr_line' id='line_1_21' title="bbox 163 1399 2021 1450; baseline -0.003 -13"><span class='ocrx_word' id='word_1_215' title='bbox 163 1408 195 1437; x_wconf 87' lang='lat' dir='ltr'><strong>et</strong></span> <span class='ocrx_word' id='word_1_216' title='bbox 227 1403 362 1437; x_wconf 83' lang='lat' dir='ltr'><strong>Boemie</strong></span> <span class='ocrx_word' id='word_1_217' title='bbox 392 1402 496 1447; x_wconf 73' lang='lat' dir='ltr'><strong>Regis</strong></span> <span class='ocrx_word' id='word_1_218' title='bbox 526 1401 664 1436; x_wconf 90' lang='lat' dir='ltr'><strong>Illustris</strong></span> <span class='ocrx_word' id='word_1_219' title='bbox 694 1400 789 1435; x_wconf 89' lang='lat' dir='ltr'><strong>nobis</strong></span> <span class='ocrx_word' id='word_1_220' title='bbox 818 1412 919 1448; x_wconf 87' lang='lat' dir='ltr'><strong>super</strong></span> <span class='ocrx_word' id='word_1_221' title='bbox 956 1401 1017 1435; x_wconf 90' lang='lat' dir='ltr'><strong>hoc</strong></span> <span class='ocrx_word' id='word_1_222' title='bbox 1061 1402 1224 1436; x_wconf 87' lang='lat' dir='ltr'><strong>humiliter</strong></span> <span class='ocrx_word' id='word_1_223' title='bbox 1266 1403 1495 1450; x_wconf 69' lang='lat' dir='ltr'><strong>supplicantis,</strong></span> <span class='ocrx_word' id='word_1_224' title='bbox 1540 1401 1682 1447; x_wconf 79' lang='lat' dir='ltr'><strong>dictique</strong></span> <span class='ocrx_word' id='word_1_225' title='bbox 1725 1400 1846 1435; x_wconf 88' lang='lat' dir='ltr'><strong>nobilis</strong></span> <span class='ocrx_word' id='word_1_226' title='bbox 1885 1402 1914 1433; x_wconf 90' lang='lat' dir='ltr'><strong>in</strong></span> <span class='ocrx_word' id='word_1_227' title='bbox 1959 1399 2021 1433; x_wconf 79' lang='lat' dir='ltr'><strong>hac</strong></span> 
     </span>
     <span class='ocr_line' id='line_1_22' title="bbox 164 1460 2020 1510; baseline -0.002 -13"><span class='ocrx_word' id='word_1_228' title='bbox 164 1469 257 1510; x_wconf 85' lang='lat' dir='ltr'><strong>parte</strong></span> <span class='ocrx_word' id='word_1_229' title='bbox 282 1462 578 1509; x_wconf 70' lang='lat' dir='ltr'><strong>sufflihcationibus</strong></span> <span class='ocrx_word' id='word_1_230' title='bbox 608 1462 767 1504; x_wconf 68' lang='lat' dir='ltr'><strong>inclinati,</strong></span> <span class='ocrx_word' id='word_1_231' title='bbox 798 1462 903 1495; x_wconf 86' lang='lat' dir='ltr'><strong>eidem</strong></span> <span class='ocrx_word' id='word_1_232' title='bbox 934 1462 1034 1496; x_wconf 92' lang='lat' dir='ltr'><strong>nobili</strong></span> <span class='ocrx_word' id='word_1_233' title='bbox 1065 1462 1222 1497; x_wconf 80' lang='lat' dir='ltr'><strong>fundandi</strong></span> <span class='ocrx_word' id='word_1_234' title='bbox 1253 1468 1283 1497; x_wconf 89' lang='lat' dir='ltr'><strong>et</strong></span> <span class='ocrx_word' id='word_1_235' title='bbox 1314 1463 1539 1497; x_wconf 80' lang='lat' dir='ltr'><strong>construendi.</strong></span> <span class='ocrx_word' id='word_1_236' title='bbox 1571 1466 1601 1495; x_wconf 86' lang='lat' dir='ltr'><strong>et</strong></span> <span class='ocrx_word' id='word_1_237' title='bbox 1631 1464 1778 1495; x_wconf 80' lang='lat' dir='ltr'><strong>construi</strong></span> <span class='ocrx_word' id='word_1_238' title='bbox 1808 1464 1838 1494; x_wconf 91' lang='lat' dir='ltr'><strong>ct</strong></span> <span class='ocrx_word' id='word_1_239' title='bbox 1876 1460 2020 1494; x_wconf 86' lang='lat' dir='ltr'><strong>edificari</strong></span> 
     </span>
     <span class='ocr_line' id='line_1_23' title="bbox 164 1520 2021 1570; baseline -0.003 -12"><span class='ocrx_word' id='word_1_240' title='bbox 164 1524 305 1559; x_wconf 87' lang='lat' dir='ltr'><strong>faciendi</strong></span> <span class='ocrx_word' id='word_1_241' title='bbox 347 1524 388 1558; x_wconf 88' lang='lat' dir='ltr'><strong>de</strong></span> <span class='ocrx_word' id='word_1_242' title='bbox 425 1534 514 1557; x_wconf 85' lang='lat' dir='ltr'><strong>novo</strong></span> <span class='ocrx_word' id='word_1_243' title='bbox 544 1523 583 1557; x_wconf 88' lang='lat' dir='ltr'><strong>de</strong></span> <span class='ocrx_word' id='word_1_244' title='bbox 614 1523 708 1557; x_wconf 88' lang='lat' dir='ltr'><strong>bonis</strong></span> <span class='ocrx_word' id='word_1_245' title='bbox 739 1525 808 1557; x_wconf 87' lang='lat' dir='ltr'><strong>suis</strong></span> <span class='ocrx_word' id='word_1_246' title='bbox 839 1522 995 1568; x_wconf 87' lang='lat' dir='ltr'><strong>predictis</strong></span> <span class='ocrx_word' id='word_1_247' title='bbox 1025 1526 1057 1557; x_wconf 89' lang='lat' dir='ltr'><strong>in</strong></span> <span class='ocrx_word' id='word_1_248' title='bbox 1086 1523 1209 1570; x_wconf 88' lang='lat' dir='ltr'><strong>oppido</strong></span> <span class='ocrx_word' id='word_1_249' title='bbox 1239 1535 1298 1558; x_wconf 87' lang='lat' dir='ltr'><strong>seu</strong></span> <span class='ocrx_word' id='word_1_250' title='bbox 1329 1524 1404 1558; x_wconf 73' lang='lat' dir='ltr'><strong>vitta</strong></span> <span class='ocrx_word' id='word_1_251' title='bbox 1435 1523 1580 1569; x_wconf 87' lang='lat' dir='ltr'><strong>predicta</strong></span> <span class='ocrx_word' id='word_1_252' title='bbox 1612 1525 1641 1555; x_wconf 92' lang='lat' dir='ltr'><strong>in</strong></span> <span class='ocrx_word' id='word_1_253' title='bbox 1665 1523 1737 1556; x_wconf 93' lang='lat' dir='ltr'><strong>loco</strong></span> <span class='ocrx_word' id='word_1_254' title='bbox 1759 1527 1866 1556; x_wconf 87' lang='lat' dir='ltr'><strong>tamen</strong></span> <span class='ocrx_word' id='word_1_255' title='bbox 1893 1521 1932 1554; x_wconf 86' lang='lat' dir='ltr'><strong>ad</strong></span> <span class='ocrx_word' id='word_1_256' title='bbox 1959 1520 2021 1554; x_wconf 91' lang='lat' dir='ltr'><strong>hoc</strong></span> 
     </span>
     <span class='ocr_line' id='line_1_24' title="bbox 165 1582 2021 1629; baseline -0.003 -10"><span class='ocrx_word' id='word_1_257' title='bbox 165 1596 313 1629; x_wconf 73' lang='lat' dir='ltr'><strong>congruo</strong></span> <span class='ocrx_word' id='word_1_258' title='bbox 343 1589 373 1619; x_wconf 86' lang='lat' dir='ltr'><strong>et</strong></span> <span class='ocrx_word' id='word_1_259' title='bbox 402 1584 544 1618; x_wconf 88' lang='lat' dir='ltr'><strong>honesto</strong></span> <span class='ocrx_word' id='word_1_260' title='bbox 575 1584 695 1617; x_wconf 89' lang='lat' dir='ltr'><strong>dictum</strong></span> <span class='ocrx_word' id='word_1_261' title='bbox 726 1584 831 1618; x_wconf 90' lang='lat' dir='ltr'><strong>locum</strong></span> <span class='ocrx_word' id='word_1_262' title='bbox 862 1595 935 1617; x_wconf 90' lang='lat' dir='ltr'><strong>cum</strong></span> <span class='ocrx_word' id='word_1_263' title='bbox 966 1583 1089 1618; x_wconf 86' lang='lat' dir='ltr'><strong>eisdem</strong></span> <span class='ocrx_word' id='word_1_264' title='bbox 1121 1584 1274 1618; x_wconf 85' lang='lat' dir='ltr'><strong>Oratorio</strong></span> <span class='ocrx_word' id='word_1_265' title='bbox 1305 1596 1341 1618; x_wconf 81' lang='lat' dir='ltr'><strong>ac</strong></span> <span class='ocrx_word' id='word_1_266' title='bbox 1372 1584 1541 1618; x_wconf 88' lang='lat' dir='ltr'><strong>Cimitei·io</strong></span> <span class='ocrx_word' id='word_1_267' title='bbox 1576 1582 1756 1628; x_wconf 78' lang='lat' dir='ltr'><strong>Campanili</strong></span> <span class='ocrx_word' id='word_1_268' title='bbox 1789 1586 1820 1615; x_wconf 86' lang='lat' dir='ltr'><strong>et</strong></span> <span class='ocrx_word' id='word_1_269' title='bbox 1859 1592 2021 1628; x_wconf 85' lang='lat' dir='ltr'><strong>campana</strong></span> 
     </span>
     <span class='ocr_line' id='line_1_25' title="bbox 165 1642 2022 1690; baseline -0.002 -11"><span class='ocrx_word' id='word_1_270' title='bbox 165 1651 197 1680; x_wconf 90' lang='lat' dir='ltr'><strong>ct</strong></span> <span class='ocrx_word' id='word_1_271' title='bbox 225 1647 296 1679; x_wconf 86' lang='lat' dir='ltr'><strong>aliis</strong></span> <span class='ocrx_word' id='word_1_272' title='bbox 325 1648 529 1679; x_wconf 87' lang='lat' dir='ltr'><strong>necessariis</strong></span> <span class='ocrx_word' id='word_1_273' title='bbox 571 1645 724 1682; x_wconf 78' lang='lat' dir='ltr'><strong>officinis,</strong></span> <span class='ocrx_word' id='word_1_274' title='bbox 768 1644 945 1678; x_wconf 86' lang='lat' dir='ltr'><strong>dummodo</strong></span> <span class='ocrx_word' id='word_1_275' title='bbox 989 1648 1020 1678; x_wconf 90' lang='lat' dir='ltr'><strong>iu</strong></span> <span class='ocrx_word' id='word_1_276' title='bbox 1063 1645 1177 1678; x_wconf 87' lang='lat' dir='ltr'><strong>eadem</strong></span> <span class='ocrx_word' id='word_1_277' title='bbox 1221 1646 1297 1679; x_wconf 80' lang='lat' dir='ltr'><strong>villa</strong></span> <span class='ocrx_word' id='word_1_278' title='bbox 1332 1645 1438 1690; x_wconf 88' lang='lat' dir='ltr'><strong>aliqua</strong></span> <span class='ocrx_word' id='word_1_279' title='bbox 1469 1645 1583 1678; x_wconf 87' lang='lat' dir='ltr'><strong>domus</strong></span> <span class='ocrx_word' id='word_1_280' title='bbox 1612 1643 1759 1677; x_wconf 82' lang='lat' dir='ltr'><strong>ciusdem</strong></span> <span class='ocrx_word' id='word_1_281' title='bbox 1791 1642 1926 1676; x_wconf 79' lang='lat' dir='ltr'><strong>Ordinis</strong></span> <span class='ocrx_word' id='word_1_282' title='bbox 1957 1652 2022 1675; x_wconf 85' lang='lat' dir='ltr'><strong>non</strong></span> 
     </span>
     <span class='ocr_line' id='line_1_26' title="bbox 166 1703 2024 1749; baseline -0.003 -8"><span class='ocrx_word' id='word_1_283' title='bbox 166 1710 301 1748; x_wconf 80' lang='lat' dir='ltr'><strong>existat,</strong></span> <span class='ocrx_word' id='word_1_284' title='bbox 332 1711 364 1740; x_wconf 88' lang='lat' dir='ltr'><strong>ct</strong></span> <span class='ocrx_word' id='word_1_285' title='bbox 392 1707 564 1740; x_wconf 85' lang='lat' dir='ltr'><strong>duodecim</strong></span> <span class='ocrx_word' id='word_1_286' title='bbox 604 1706 723 1740; x_wconf 80' lang='lat' dir='ltr'><strong>fratres</strong></span> <span class='ocrx_word' id='word_1_287' title='bbox 764 1705 843 1739; x_wconf 88' lang='lat' dir='ltr'><strong>dicti</strong></span> <span class='ocrx_word' id='word_1_288' title='bbox 881 1705 1015 1740; x_wconf 87' lang='lat' dir='ltr'><strong>Ordinis</strong></span> <span class='ocrx_word' id='word_1_289' title='bbox 1053 1705 1129 1739; x_wconf 91' lang='lat' dir='ltr'><strong>inibi</strong></span> <span class='ocrx_word' id='word_1_290' title='bbox 1168 1710 1412 1739; x_wconf 88' lang='lat' dir='ltr'><strong>commorantes</strong></span> <span class='ocrx_word' id='word_1_291' title='bbox 1454 1716 1602 1749; x_wconf 68' lang='lat' dir='ltr'><strong>congrue</strong></span> <span class='ocrx_word' id='word_1_292' title='bbox 1640 1708 1669 1737; x_wconf 90' lang='lat' dir='ltr'><strong>et</strong></span> <span class='ocrx_word' id='word_1_293' title='bbox 1708 1703 1847 1736; x_wconf 81' lang='lat' dir='ltr'><strong>honeste</strong></span> <span class='ocrx_word' id='word_1_294' title='bbox 1890 1703 2024 1736; x_wconf 70' lang='lat' dir='ltr'><strong>valeant</strong></span> 
     </span>
     <span class='ocr_line' id='line_1_27' title="bbox 166 1763 2022 1813; baseline -0.003 -11"><span class='ocrx_word' id='word_1_295' title='bbox 166 1770 358 1803; x_wconf 86' lang='lat' dir='ltr'><strong>sustentari.</strong></span> <span class='ocrx_word' id='word_1_296' title='bbox 402 1767 563 1813; x_wconf 75' lang='lat' dir='ltr'><strong>vobisque</strong></span> <span class='ocrx_word' id='word_1_297' title='bbox 604 1766 710 1800; x_wconf 92' lang='lat' dir='ltr'><strong>locum</strong></span> <span class='ocrx_word' id='word_1_298' title='bbox 755 1769 859 1812; x_wconf 88' lang='lat' dir='ltr'><strong>ipsum</strong></span> <span class='ocrx_word' id='word_1_299' title='bbox 903 1766 1096 1812; x_wconf 73' lang='lat' dir='ltr'><strong>recipiendi,</strong></span> <span class='ocrx_word' id='word_1_300' title='bbox 1135 1778 1173 1800; x_wconf 87' lang='lat' dir='ltr'><strong>ac</strong></span> <span class='ocrx_word' id='word_1_301' title='bbox 1202 1766 1279 1800; x_wconf 91' lang='lat' dir='ltr'><strong>inihi</strong></span> <span class='ocrx_word' id='word_1_302' title='bbox 1311 1769 1341 1799; x_wconf 91' lang='lat' dir='ltr'><strong>in</strong></span> <span class='ocrx_word' id='word_1_303' title='bbox 1373 1766 1512 1799; x_wconf 88' lang='lat' dir='ltr'><strong>Domino</strong></span> <span class='ocrx_word' id='word_1_304' title='bbox 1542 1764 1747 1798; x_wconf 80' lang='lat' dir='ltr'><strong>laudabiliter</strong></span> <span class='ocrx_word' id='word_1_305' title='bbox 1775 1763 2022 1805; x_wconf 78' lang='lat' dir='ltr'><strong>commorandi,</strong></span> 
     </span>
     <span class='ocr_line' id='line_1_28' title="bbox 166 1824 2023 1874; baseline -0.003 -12"><span class='ocrx_word' id='word_1_306' title='bbox 166 1829 253 1863; x_wconf 78' lang='lat' dir='ltr'><strong>felic.</strong></span> <span class='ocrx_word' id='word_1_307' title='bbox 284 1828 414 1862; x_wconf 88' lang='lat' dir='ltr'><strong>record.</strong></span> <span class='ocrx_word' id='word_1_308' title='bbox 446 1828 608 1861; x_wconf 80' lang='lat' dir='ltr'><strong>Bonifacii</strong></span> <span class='ocrx_word' id='word_1_309' title='bbox 639 1839 724 1874; x_wconf 84' lang='lat' dir='ltr'><strong>pape</strong></span> <span class='ocrx_word' id='word_1_310' title='bbox 754 1827 832 1861; x_wconf 78' lang='lat' dir='ltr'>VIII</span> <span class='ocrx_word' id='word_1_311' title='bbox 867 1827 1122 1873; x_wconf 82' lang='lat' dir='ltr'><strong>predecessoris</strong></span> <span class='ocrx_word' id='word_1_312' title='bbox 1159 1830 1262 1861; x_wconf 81' lang='lat' dir='ltr'><strong>nostri</strong></span> <span class='ocrx_word' id='word_1_313' title='bbox 1301 1838 1363 1873; x_wconf 85' lang='lat' dir='ltr'><strong>qua</strong></span> <span class='ocrx_word' id='word_1_314' title='bbox 1402 1826 1568 1860; x_wconf 86' lang='lat' dir='ltr'><strong>inhibetur</strong></span> <span class='ocrx_word' id='word_1_315' title='bbox 1604 1837 1645 1859; x_wconf 88' lang='lat' dir='ltr'><strong>ne</strong></span> <span class='ocrx_word' id='word_1_316' title='bbox 1679 1824 1865 1859; x_wconf 87' lang='lat' dir='ltr'><strong>huiusmodi</strong></span> <span class='ocrx_word' id='word_1_317' title='bbox 1903 1824 2023 1858; x_wconf 79' lang='lat' dir='ltr'><strong>fratres</strong></span> 
     </span>
     <span class='ocr_line' id='line_1_29' title="bbox 168 1884 2022 1933; baseline -0.003 -10"><span class='ocrx_word' id='word_1_318' title='bbox 168 1889 325 1924; x_wconf 90' lang='lat' dir='ltr'><strong>Ordinum</strong></span> <span class='ocrx_word' id='word_1_319' title='bbox 356 1887 615 1923; x_wconf 80' lang='lat' dir='ltr'><strong>Mendicantium</strong></span> <span class='ocrx_word' id='word_1_320' title='bbox 646 1891 677 1922; x_wconf 90' lang='lat' dir='ltr'><strong>in</strong></span> <span class='ocrx_word' id='word_1_321' title='bbox 707 1888 814 1933; x_wconf 85' lang='lat' dir='ltr'><strong>aliqua</strong></span> <span class='ocrx_word' id='word_1_322' title='bbox 844 1887 997 1931; x_wconf 67' lang='lat' dir='ltr'><strong>Civitatc,</strong></span> <span class='ocrx_word' id='word_1_323' title='bbox 1029 1888 1156 1922; x_wconf 85' lang='lat' dir='ltr'><strong>Castro.</strong></span> <span class='ocrx_word' id='word_1_324' title='bbox 1187 1887 1271 1922; x_wconf 65' lang='lat' dir='ltr'><strong>Villa</strong></span> <span class='ocrx_word' id='word_1_325' title='bbox 1301 1887 1354 1921; x_wconf 87' lang='lat' dir='ltr'><strong>vel</strong></span> <span class='ocrx_word' id='word_1_326' title='bbox 1385 1887 1458 1921; x_wconf 79' lang='lat' dir='ltr'><strong>loco</strong></span> <span class='ocrx_word' id='word_1_327' title='bbox 1488 1897 1695 1932; x_wconf 85' lang='lat' dir='ltr'><strong>quocumque</strong></span> <span class='ocrx_word' id='word_1_328' title='bbox 1717 1885 1755 1919; x_wconf 88' lang='lat' dir='ltr'><strong>ad</strong></span> <span class='ocrx_word' id='word_1_329' title='bbox 1777 1884 2022 1919; x_wconf 82' lang='lat' dir='ltr'><strong>inhabitandum</strong></span> 
     </span>
     <span class='ocr_line' id='line_1_30' title="bbox 168 1945 2024 1995; baseline -0.003 -11"><span class='ocrx_word' id='word_1_330' title='bbox 168 1950 284 1984; x_wconf 86' lang='lat' dir='ltr'><strong>domos</strong></span> <span class='ocrx_word' id='word_1_331' title='bbox 315 1949 370 1984; x_wconf 71' lang='lat' dir='ltr'><strong>vel</strong></span> <span class='ocrx_word' id='word_1_332' title='bbox 399 1950 471 1983; x_wconf 79' lang='lat' dir='ltr'><strong>loca</strong></span> <span class='ocrx_word' id='word_1_333' title='bbox 501 1960 708 1995; x_wconf 85' lang='lat' dir='ltr'><strong>quecumque</strong></span> <span class='ocrx_word' id='word_1_334' title='bbox 738 1951 892 1994; x_wconf 88' lang='lat' dir='ltr'><strong>recipere</strong></span> <span class='ocrx_word' id='word_1_335' title='bbox 922 1949 962 1982; x_wconf 85' lang='lat' dir='ltr'><strong>de</strong></span> <span class='ocrx_word' id='word_1_336' title='bbox 1005 1959 1097 1983; x_wconf 90' lang='lat' dir='ltr'><strong>novo</strong></span> <span class='ocrx_word' id='word_1_337' title='bbox 1139 1953 1332 1994; x_wconf 85' lang='lat' dir='ltr'><strong>presumant</strong></span> <span class='ocrx_word' id='word_1_338' title='bbox 1374 1947 1499 1993; x_wconf 86' lang='lat' dir='ltr'><strong>absque</strong></span> <span class='ocrx_word' id='word_1_339' title='bbox 1537 1947 1626 1981; x_wconf 84' lang='lat' dir='ltr'><strong>sedis</strong></span> <span class='ocrx_word' id='word_1_340' title='bbox 1670 1946 1852 1993; x_wconf 89' lang='lat' dir='ltr'><strong>apostolice</strong></span> <span class='ocrx_word' id='word_1_341' title='bbox 1891 1945 2024 1978; x_wconf 87' lang='lat' dir='ltr'><strong>licentia</strong></span> 
     </span>
     <span class='ocr_line' id='line_1_31' title="bbox 168 2005 2024 2057; baseline -0.003 -13"><span class='ocrx_word' id='word_1_342' title='bbox 168 2010 304 2057; x_wconf 82' lang='lat' dir='ltr'><strong>speciali</strong></span> <span class='ocrx_word' id='word_1_343' title='bbox 334 2009 479 2044; x_wconf 83' lang='lat' dir='ltr'><strong>faciente</strong></span> <span class='ocrx_word' id='word_1_344' title='bbox 509 2010 641 2055; x_wconf 84' lang='lat' dir='ltr'><strong>plenam</strong></span> <span class='ocrx_word' id='word_1_345' title='bbox 670 2014 702 2043; x_wconf 84' lang='lat' dir='ltr'><strong>et</strong></span> <span class='ocrx_word' id='word_1_346' title='bbox 730 2019 928 2055; x_wconf 83' lang='lat' dir='ltr'><strong>expressam</strong></span> <span class='ocrx_word' id='word_1_347' title='bbox 960 2009 1000 2043; x_wconf 87' lang='lat' dir='ltr'><strong>de</strong></span> <span class='ocrx_word' id='word_1_348' title='bbox 1029 2008 1221 2043; x_wconf 86' lang='lat' dir='ltr'><strong>inhibitione</strong></span> <span class='ocrx_word' id='word_1_349' title='bbox 1250 2008 1433 2042; x_wconf 89' lang='lat' dir='ltr'><strong>huiusmodi</strong></span> <span class='ocrx_word' id='word_1_350' title='bbox 1464 2010 1676 2050; x_wconf 55' lang='lat' dir='ltr'><strong>mentionem„</strong></span> <span class='ocrx_word' id='word_1_351' title='bbox 1707 2011 1738 2040; x_wconf 91' lang='lat' dir='ltr'><strong>et</strong></span> <span class='ocrx_word' id='word_1_352' title='bbox 1766 2005 1909 2052; x_wconf 83' lang='lat' dir='ltr'><strong>qualibet</strong></span> <span class='ocrx_word' id='word_1_353' title='bbox 1938 2017 2024 2039; x_wconf 89' lang='lat' dir='ltr'><strong>con-</strong></span> 
     </span>
     <span class='ocr_line' id='line_1_32' title="bbox 171 2066 2024 2116; baseline -0.003 -11"><span class='ocrx_word' id='word_1_354' title='bbox 171 2074 341 2106; x_wconf 88' lang='lat' dir='ltr'><strong>stitutione</strong></span> <span class='ocrx_word' id='word_1_355' title='bbox 384 2073 553 2104; x_wconf 88' lang='lat' dir='ltr'><strong>contraria</strong></span> <span class='ocrx_word' id='word_1_356' title='bbox 602 2081 811 2116; x_wconf 85' lang='lat' dir='ltr'><strong>nequaquam</strong></span> <span class='ocrx_word' id='word_1_357' title='bbox 854 2068 1072 2113; x_wconf 47' lang='lat' dir='ltr'><strong>obstantibus:</strong></span> <span class='ocrx_word' id='word_1_358' title='bbox 1111 2073 1183 2103; x_wconf 86' lang='lat' dir='ltr'><strong>iure</strong></span> <span class='ocrx_word' id='word_1_359' title='bbox 1219 2073 1328 2103; x_wconf 78' lang='lat' dir='ltr'><strong>tamen</strong></span> <span class='ocrx_word' id='word_1_360' title='bbox 1364 2068 1568 2102; x_wconf 75' lang='lat' dir='ltr'><strong>parochialis</strong></span> <span class='ocrx_word' id='word_1_361' title='bbox 1603 2068 1748 2102; x_wconf 87' lang='lat' dir='ltr'><strong>ecclesie</strong></span> <span class='ocrx_word' id='word_1_362' title='bbox 1786 2071 1819 2100; x_wconf 88' lang='lat' dir='ltr'><strong>et</strong></span> <span class='ocrx_word' id='word_1_363' title='bbox 1847 2066 2024 2100; x_wconf 85' lang='lat' dir='ltr'><strong>cuiuslibet</strong></span> 
     </span>
     <span class='ocr_line' id='line_1_33' title="bbox 168 2127 2025 2177; baseline -0.003 -12"><span class='ocrx_word' id='word_1_364' title='bbox 168 2129 302 2166; x_wconf 88' lang='lat' dir='ltr'><strong>alterius</strong></span> <span class='ocrx_word' id='word_1_365' title='bbox 331 2134 363 2165; x_wconf 89' lang='lat' dir='ltr'><strong>in</strong></span> <span class='ocrx_word' id='word_1_366' title='bbox 392 2130 545 2165; x_wconf 88' lang='lat' dir='ltr'><strong>omnibus</strong></span> <span class='ocrx_word' id='word_1_367' title='bbox 574 2142 708 2177; x_wconf 88' lang='lat' dir='ltr'><strong>semper</strong></span> <span class='ocrx_word' id='word_1_368' title='bbox 735 2130 842 2173; x_wconf 66' lang='lat' dir='ltr'><strong>salvo7</strong></span> <span class='ocrx_word' id='word_1_369' title='bbox 873 2130 1004 2176; x_wconf 82' lang='lat' dir='ltr'><strong>plenam</strong></span> <span class='ocrx_word' id='word_1_370' title='bbox 1043 2134 1074 2164; x_wconf 84' lang='lat' dir='ltr'><strong>et</strong></span> <span class='ocrx_word' id='word_1_371' title='bbox 1103 2130 1237 2164; x_wconf 88' lang='lat' dir='ltr'><strong>liberam</strong></span> <span class='ocrx_word' id='word_1_372' title='bbox 1269 2133 1464 2163; x_wconf 87' lang='lat' dir='ltr'><strong>auctoritate</strong></span> <span class='ocrx_word' id='word_1_373' title='bbox 1499 2129 1681 2175; x_wconf 85' lang='lat' dir='ltr'><strong>apostolica</strong></span> <span class='ocrx_word' id='word_1_374' title='bbox 1723 2128 1886 2161; x_wconf 85' lang='lat' dir='ltr'><strong>licentiam</strong></span> <span class='ocrx_word' id='word_1_375' title='bbox 1931 2127 2025 2161; x_wconf 82' lang='lat' dir='ltr'><strong>elar-</strong></span> 
     </span>
    </p>
   </div>
   <div class='ocr_carea' id='block_1_5' title="bbox 169 2187 2024 2287">
    <p class='ocr_par' dir='ltr' id='par_1_6' title="bbox 169 2187 2024 2287">
     <span class='ocr_line' id='line_1_34' title="bbox 169 2187 2024 2238; baseline -0.003 -12"><span class='ocrx_word' id='word_1_376' title='bbox 169 2195 287 2238; x_wconf 78' lang='lat' dir='ltr'><strong>gimur.</strong></span> <span class='ocrx_word' id='word_1_377' title='bbox 319 2191 403 2225; x_wconf 78' lang='lat' dir='ltr'><strong>Nulli</strong></span> <span class='ocrx_word' id='word_1_378' title='bbox 433 2203 514 2237; x_wconf 84' lang='lat' dir='ltr'><strong>ergo</strong></span> <span class='ocrx_word' id='word_1_379' title='bbox 544 2193 605 2225; x_wconf 45' lang='lat' dir='ltr'><strong>(cc.</strong></span> <span class='ocrx_word' id='word_1_380' title='bbox 637 2195 751 2225; x_wconf 88' lang='lat' dir='ltr'><strong>nostre</strong></span> <span class='ocrx_word' id='word_1_381' title='bbox 780 2194 1014 2226; x_wconf 86' lang='lat' dir='ltr'><strong>concessionis</strong></span> <span class='ocrx_word' id='word_1_382' title='bbox 1043 2190 1227 2236; x_wconf 80' lang='lat' dir='ltr'><strong>iufringere</strong></span> <span class='ocrx_word' id='word_1_383' title='bbox 1256 2192 1316 2225; x_wconf 65' lang='lat' dir='ltr'><strong>dcc.</strong></span> <span class='ocrx_word' id='word_1_384' title='bbox 1347 2190 1467 2224; x_wconf 83' lang='lat' dir='ltr'><strong>Datum</strong></span> <span class='ocrx_word' id='word_1_385' title='bbox 1497 2190 1668 2223; x_wconf 77' lang='lat' dir='ltr'><strong>Avinione</strong></span> <span class='ocrx_word' id='word_1_386' title='bbox 1695 2187 1775 2222; x_wconf 80' lang='lat' dir='ltr'>VIII</span> <span class='ocrx_word' id='word_1_387' title='bbox 1804 2188 1876 2222; x_wconf 82' lang='lat' dir='ltr'><strong>Kal.</strong></span> <span class='ocrx_word' id='word_1_388' title='bbox 1916 2187 2024 2222; x_wconf 83' lang='lat' dir='ltr'><strong>Martii</strong></span> 
     </span>
     <span class='ocr_line' id='line_1_35' title="bbox 170 2252 469 2287; baseline -0.003 0"><span class='ocrx_word' id='word_1_389' title='bbox 170 2253 271 2287; x_wconf 84' lang='lat' dir='ltr'><strong>Anno</strong></span> <span class='ocrx_word' id='word_1_390' title='bbox 301 2252 469 2287; x_wconf 87' lang='lat' dir='ltr'><strong>Secundo.</strong></span> 
     </span>
    </p>
   </div>
   <div class='ocr_carea' id='block_1_6' title="bbox 481 2322 2024 2413">
    <p class='ocr_par' dir='ltr' id='par_1_7' title="bbox 481 2322 2024 2413">
     <span class='ocr_line' id='line_1_36' title="bbox 481 2322 2024 2363; baseline -0.003 -10"><span class='ocrx_word' id='word_1_391' title='bbox 481 2325 555 2363; x_wconf 68' lang='lat' dir='ltr'><strong>(Ans</strong></span> <span class='ocrx_word' id='word_1_392' title='bbox 587 2327 643 2352; x_wconf 83' lang='lat' dir='ltr'><strong>deu</strong></span> <span class='ocrx_word' id='word_1_393' title='bbox 675 2326 942 2361; x_wconf 80' lang='lat' dir='ltr'><strong>Originalregestcn</strong></span> <span class='ocrx_word' id='word_1_394' title='bbox 966 2326 1018 2352; x_wconf 81' lang='lat' dir='ltr'><strong>des</strong></span> <span class='ocrx_word' id='word_1_395' title='bbox 1048 2325 1173 2359; x_wconf 83' lang='lat' dir='ltr'><strong>Papstes</strong></span> <span class='ocrx_word' id='word_1_396' title='bbox 1205 2325 1346 2351; x_wconf 85' lang='lat' dir='ltr'><strong>Inuoceuz</strong></span> <span class='ocrx_word' id='word_1_397' title='bbox 1378 2324 1423 2351; x_wconf 76' lang='lat' dir='ltr'><strong>VI.</strong></span> <span class='ocrx_word' id='word_1_398' title='bbox 1450 2324 1487 2349; x_wconf 81' lang='lat' dir='ltr'><strong>im</strong></span> <span class='ocrx_word' id='word_1_399' title='bbox 1511 2323 1731 2349; x_wconf 83' lang='lat' dir='ltr'><strong>vatikauischen</strong></span> <span class='ocrx_word' id='word_1_400' title='bbox 1755 2322 1863 2349; x_wconf 77' lang='lat' dir='ltr'><strong>Archiv</strong></span> <span class='ocrx_word' id='word_1_401' title='bbox 1887 2323 1954 2349; x_wconf 82' lang='lat' dir='ltr'><strong>anni</strong></span> <span class='ocrx_word' id='word_1_402' title='bbox 1981 2323 2024 2360; x_wconf 71' lang='lat' dir='ltr'><strong>IL,</strong></span> 
     </span>
     <span class='ocr_line' id='line_1_37' title="bbox 581 2371 2024 2413; baseline -0.003 -9"><span class='ocrx_word' id='word_1_403' title='bbox 581 2378 630 2404; x_wconf 87' lang='lat' dir='ltr'><strong>lib.</strong></span> <span class='ocrx_word' id='word_1_404' title='bbox 651 2377 708 2411; x_wconf 68' lang='lat'><strong>111„</strong></span> <span class='ocrx_word' id='word_1_405' title='bbox 732 2387 798 2412; x_wconf 78' lang='lat' dir='ltr'><strong>pag.</strong></span> <span class='ocrx_word' id='word_1_406' title='bbox 825 2379 884 2404; x_wconf 81' lang='lat'><strong>350</strong></span> <span class='ocrx_word' id='word_1_407' title='bbox 910 2399 917 2406; x_wconf 82' lang='lat'><strong>.</strong></span> <span class='ocrx_word' id='word_1_408' title='bbox 941 2378 1025 2412; x_wconf 84' lang='lat' dir='ltr'><strong>epist.</strong></span> <span class='ocrx_word' id='word_1_409' title='bbox 1052 2377 1110 2402; x_wconf 65' lang='lat' dir='ltr'><strong>ST?</strong></span> <span class='ocrx_word' id='word_1_410' title='bbox 1138 2377 1311 2411; x_wconf 82' lang='lat' dir='ltr'><strong>mitgetheilt</strong></span> <span class='ocrx_word' id='word_1_411' title='bbox 1335 2377 1362 2402; x_wconf 89' lang='lat' dir='ltr'><strong>in</strong></span> <span class='ocrx_word' id='word_1_412' title='bbox 1388 2376 1545 2402; x_wconf 82' lang='lat' dir='ltr'><strong>vidimirter</strong></span> <span class='ocrx_word' id='word_1_413' title='bbox 1569 2374 1717 2401; x_wconf 80' lang='lat' dir='ltr'><strong>Abschrift</strong></span> <span class='ocrx_word' id='word_1_414' title='bbox 1743 2383 1798 2401; x_wconf 87' lang='lat' dir='ltr'><strong>von</strong></span> <span class='ocrx_word' id='word_1_415' title='bbox 1823 2376 1875 2403; x_wconf 87' lang='lat' dir='ltr'><strong>Dr.</strong></span> <span class='ocrx_word' id='word_1_416' title='bbox 1902 2371 2024 2413; x_wconf 80' lang='lat' dir='ltr'><strong>Dudik.)</strong></span> 
     </span>
    </p>
   </div>
  </div>
 </body>
</html>
