<?xml version="1.0" encoding="UTF-8"?>
<!DOCTYPE html PUBLIC "-//W3C//DTD XHTML 1.0 Transitional//EN"
    "http://www.w3.org/TR/xhtml1/DTD/xhtml1-transitional.dtd">
<html xmlns="http://www.w3.org/1999/xhtml" xml:lang="en" lang="en">
 <head>
  <title>
</title>
<meta http-equiv="Content-Type" content="text/html;charset=utf-8" />
  <meta name='ocr-system' content='tesseract 3.04.00' />
  <meta name='ocr-capabilities' content='ocr_page ocr_carea ocr_par ocr_line ocrx_word'/>
</head>
<body>
  <div class='ocr_page' id='page_1' title='image "./codexdiplomaticu08morauoft_0135.png"; bbox 0 0 2206 2735; ppageno 0'>
   <div class='ocr_carea' id='block_1_1' title="bbox 240 53 2086 2206">
    <p class='ocr_par' dir='ltr' id='par_1_1' title="bbox 240 53 2086 2206">
     <span class='ocr_line' id='line_1_1' title="bbox 1126 53 1194 87; baseline 0.029 -2"><span class='ocrx_word' id='word_1_1' title='bbox 1126 53 1194 87; x_wconf 82' lang='lat'>107</span> 
     </span>
     <span class='ocr_line' id='line_1_2' title="bbox 243 163 2077 211; baseline -0.001 -11"><span class='ocrx_word' id='word_1_2' title='bbox 243 169 306 200; x_wconf 90' lang='lat' dir='ltr'>tuis</span> <span class='ocrx_word' id='word_1_3' title='bbox 334 165 507 211; x_wconf 80' lang='lat' dir='ltr'>Episcopis</span> <span class='ocrx_word' id='word_1_4' title='bbox 537 165 744 207; x_wconf 85' lang='lat' dir='ltr'>Olumucen.,</span> <span class='ocrx_word' id='word_1_5' title='bbox 775 167 828 210; x_wconf 86' lang='lat' dir='ltr'>qui</span> <span class='ocrx_word' id='word_1_6' title='bbox 857 170 953 199; x_wconf 88' lang='lat' dir='ltr'>erunt</span> <span class='ocrx_word' id='word_1_7' title='bbox 979 176 1038 211; x_wconf 91' lang='lat' dir='ltr'>pro</span> <span class='ocrx_word' id='word_1_8' title='bbox 1067 169 1227 210; x_wconf 81' lang='lat' dir='ltr'>tempore,</span> <span class='ocrx_word' id='word_1_9' title='bbox 1271 168 1303 197; x_wconf 90' lang='lat' dir='ltr'>et</span> <span class='ocrx_word' id='word_1_10' title='bbox 1330 163 1437 197; x_wconf 90' lang='lat' dir='ltr'>eidem</span> <span class='ocrx_word' id='word_1_11' title='bbox 1466 163 1615 210; x_wconf 88' lang='lat' dir='ltr'>Capitulo</span> <span class='ocrx_word' id='word_1_12' title='bbox 1645 176 1686 198; x_wconf 87' lang='lat' dir='ltr'>ne</span> <span class='ocrx_word' id='word_1_13' title='bbox 1715 164 1755 199; x_wconf 89' lang='lat' dir='ltr'>de</span> <span class='ocrx_word' id='word_1_14' title='bbox 1784 164 1878 199; x_wconf 91' lang='lat' dir='ltr'>buius</span> <span class='ocrx_word' id='word_1_15' title='bbox 1908 164 2077 200; x_wconf 83' lang='lat' dir='ltr'>beneficiis</span> 
     </span>
     <span class='ocr_line' id='line_1_3' title="bbox 242 225 2079 272; baseline -0.001 -12"><span class='ocrx_word' id='word_1_16' title='bbox 242 229 372 260; x_wconf 89' lang='lat' dir='ltr'>interim</span> <span class='ocrx_word' id='word_1_17' title='bbox 393 229 491 259; x_wconf 88' lang='lat' dir='ltr'>etiam</span> <span class='ocrx_word' id='word_1_18' title='bbox 520 230 597 259; x_wconf 89' lang='lat' dir='ltr'>ante</span> <span class='ocrx_word' id='word_1_19' title='bbox 625 227 886 270; x_wconf 75' lang='lat' dir='ltr'>acceptationem</span> <span class='ocrx_word' id='word_1_20' title='bbox 916 225 1112 267; x_wconf 74' lang='lat' dir='ltr'>huiusmodi,</span> <span class='ocrx_word' id='word_1_21' title='bbox 1143 228 1205 259; x_wconf 91' lang='lat' dir='ltr'>nisi</span> <span class='ocrx_word' id='word_1_22' title='bbox 1234 228 1406 270; x_wconf 78' lang='lat' dir='ltr'>postquam</span> <span class='ocrx_word' id='word_1_23' title='bbox 1437 227 1485 258; x_wconf 88' lang='lat' dir='ltr'>eis</span> <span class='ocrx_word' id='word_1_24' title='bbox 1514 228 1710 269; x_wconf 82' lang='lat' dir='ltr'>constiterit,</span> <span class='ocrx_word' id='word_1_25' title='bbox 1740 226 1825 272; x_wconf 91' lang='lat' dir='ltr'>quod</span> <span class='ocrx_word' id='word_1_26' title='bbox 1853 236 1997 272; x_wconf 84' lang='lat' dir='ltr'>persone</span> <span class='ocrx_word' id='word_1_27' title='bbox 2024 226 2079 260; x_wconf 88' lang='lat' dir='ltr'>vel</span> 
     </span>
     <span class='ocr_line' id='line_1_4' title="bbox 240 285 2078 332; baseline -0.001 -12"><span class='ocrx_word' id='word_1_28' title='bbox 240 292 475 332; x_wconf 77' lang='lat' dir='ltr'><strong>procuratores</strong></span> <span class='ocrx_word' id='word_1_29' title='bbox 504 285 643 332; x_wconf 80' lang='lat' dir='ltr'>predicti</span> <span class='ocrx_word' id='word_1_30' title='bbox 671 285 724 319; x_wconf 94' lang='lat' dir='ltr'>illa</span> <span class='ocrx_word' id='word_1_31' title='bbox 755 286 919 319; x_wconf 90' lang='lat' dir='ltr'>voluerint</span> <span class='ocrx_word' id='word_1_32' title='bbox 947 290 1137 331; x_wconf 72' lang='lat' dir='ltr'>acceptare,</span> <span class='ocrx_word' id='word_1_33' title='bbox 1175 285 1353 331; x_wconf 80' lang='lat' dir='ltr'>disponere</span> <span class='ocrx_word' id='word_1_34' title='bbox 1391 285 1620 330; x_wconf 82' lang='lat' dir='ltr'>quoquomodo</span> <span class='ocrx_word' id='word_1_35' title='bbox 1649 290 1843 331; x_wconf 79' lang='lat' dir='ltr'>presumant</span> <span class='ocrx_word' id='word_1_36' title='bbox 1874 298 1914 320; x_wconf 91' lang='lat' dir='ltr'>ac</span> <span class='ocrx_word' id='word_1_37' title='bbox 1950 286 2078 330; x_wconf 85' lang='lat' dir='ltr'>singula</span> 
     </span>
     <span class='ocr_line' id='line_1_5' title="bbox 242 345 2081 391; baseline -0.001 -10"><span class='ocrx_word' id='word_1_38' title='bbox 242 347 404 381; x_wconf 87' lang='lat' dir='ltr'>beneficia</span> <span class='ocrx_word' id='word_1_39' title='bbox 433 345 628 388; x_wconf 81' lang='lat' dir='ltr'>huiusmodi,</span> <span class='ocrx_word' id='word_1_40' title='bbox 658 356 721 391; x_wconf 89' lang='lat' dir='ltr'>que</span> <span class='ocrx_word' id='word_1_41' title='bbox 749 345 939 380; x_wconf 81' lang='lat' dir='ltr'>reservabis</span> <span class='ocrx_word' id='word_1_42' title='bbox 967 348 994 379; x_wconf 89' lang='lat' dir='ltr'>si</span> <span class='ocrx_word' id='word_1_43' title='bbox 1023 350 1056 379; x_wconf 91' lang='lat' dir='ltr'>ut</span> <span class='ocrx_word' id='word_1_44' title='bbox 1083 348 1280 391; x_wconf 85' lang='lat' dir='ltr'>premittitur</span> <span class='ocrx_word' id='word_1_45' title='bbox 1308 349 1429 380; x_wconf 85' lang='lat' dir='ltr'>vacant</span> <span class='ocrx_word' id='word_1_46' title='bbox 1456 345 1496 378; x_wconf 90' lang='lat' dir='ltr'>ad</span> <span class='ocrx_word' id='word_1_47' title='bbox 1521 356 1672 391; x_wconf 83' lang='lat' dir='ltr'>presens,</span> <span class='ocrx_word' id='word_1_48' title='bbox 1702 346 1755 380; x_wconf 91' lang='lat' dir='ltr'>vel</span> <span class='ocrx_word' id='word_1_49' title='bbox 1781 358 1854 379; x_wconf 91' lang='lat' dir='ltr'>cum</span> <span class='ocrx_word' id='word_1_50' title='bbox 1882 349 2081 380; x_wconf 88' lang='lat' dir='ltr'>vacaverint</span> 
     </span>
     <span class='ocr_line' id='line_1_6' title="bbox 242 405 2080 454; baseline -0.001 -13"><span class='ocrx_word' id='word_1_51' title='bbox 242 412 318 454; x_wconf 88' lang='lat' dir='ltr'>post</span> <span class='ocrx_word' id='word_1_52' title='bbox 346 408 608 452; x_wconf 79' lang='lat' dir='ltr'>acceptationem</span> <span class='ocrx_word' id='word_1_53' title='bbox 636 406 815 452; x_wconf 84' lang='lat' dir='ltr'>predictam</span> <span class='ocrx_word' id='word_1_54' title='bbox 846 417 919 440; x_wconf 92' lang='lat' dir='ltr'>cum</span> <span class='ocrx_word' id='word_1_55' title='bbox 957 406 1083 440; x_wconf 90' lang='lat' dir='ltr'>eisdem</span> <span class='ocrx_word' id='word_1_56' title='bbox 1112 405 1238 439; x_wconf 88' lang='lat' dir='ltr'>iuribus</span> <span class='ocrx_word' id='word_1_57' title='bbox 1279 410 1312 439; x_wconf 91' lang='lat' dir='ltr'>et</span> <span class='ocrx_word' id='word_1_58' title='bbox 1339 409 1556 452; x_wconf 74' lang='lat' dir='ltr'>pertinentiis,</span> <span class='ocrx_word' id='word_1_59' title='bbox 1598 406 1734 451; x_wconf 79' lang='lat' dir='ltr'>singulis</span> <span class='ocrx_word' id='word_1_60' title='bbox 1763 406 1898 452; x_wconf 84' lang='lat' dir='ltr'>prefatis</span> <span class='ocrx_word' id='word_1_61' title='bbox 1927 410 2080 453; x_wconf 89' lang='lat' dir='ltr'>personis</span> 
     </span>
     <span class='ocr_line' id='line_1_7' title="bbox 241 466 2078 513; baseline -0.001 -11"><span class='ocrx_word' id='word_1_62' title='bbox 241 467 435 502; x_wconf 89' lang='lat' dir='ltr'>conferendi</span> <span class='ocrx_word' id='word_1_63' title='bbox 464 472 496 501; x_wconf 90' lang='lat' dir='ltr'>et</span> <span class='ocrx_word' id='word_1_64' title='bbox 523 466 563 501; x_wconf 91' lang='lat' dir='ltr'>de</span> <span class='ocrx_word' id='word_1_65' title='bbox 591 467 654 501; x_wconf 87' lang='lat' dir='ltr'>illis</span> <span class='ocrx_word' id='word_1_66' title='bbox 674 470 773 500; x_wconf 89' lang='lat' dir='ltr'>etiam</span> <span class='ocrx_word' id='word_1_67' title='bbox 794 467 1001 512; x_wconf 85' lang='lat' dir='ltr'>providendi,</span> <span class='ocrx_word' id='word_1_68' title='bbox 1031 478 1071 500; x_wconf 91' lang='lat' dir='ltr'>ac</span> <span class='ocrx_word' id='word_1_69' title='bbox 1090 466 1265 500; x_wconf 87' lang='lat' dir='ltr'>inducendi</span> <span class='ocrx_word' id='word_1_70' title='bbox 1288 467 1422 501; x_wconf 89' lang='lat' dir='ltr'>easdem</span> <span class='ocrx_word' id='word_1_71' title='bbox 1443 478 1607 513; x_wconf 83' lang='lat' dir='ltr'>personas</span> <span class='ocrx_word' id='word_1_72' title='bbox 1626 467 1680 501; x_wconf 87' lang='lat' dir='ltr'>vel</span> <span class='ocrx_word' id='word_1_73' title='bbox 1705 478 1818 500; x_wconf 86' lang='lat' dir='ltr'>earum</span> <span class='ocrx_word' id='word_1_74' title='bbox 1846 472 2078 512; x_wconf 82' lang='lat' dir='ltr'>procuratores</span> 
     </span>
     <span class='ocr_line' id='line_1_8' title="bbox 241 527 2079 575; baseline -0.001 -13"><span class='ocrx_word' id='word_1_75' title='bbox 241 531 386 575; x_wconf 89' lang='lat' dir='ltr'>ipsarum</span> <span class='ocrx_word' id='word_1_76' title='bbox 422 530 555 562; x_wconf 89' lang='lat' dir='ltr'>nomine</span> <span class='ocrx_word' id='word_1_77' title='bbox 596 539 656 574; x_wconf 86' lang='lat' dir='ltr'>per</span> <span class='ocrx_word' id='word_1_78' title='bbox 689 532 720 561; x_wconf 91' lang='lat' dir='ltr'>te</span> <span class='ocrx_word' id='word_1_79' title='bbox 755 527 807 562; x_wconf 91' lang='lat' dir='ltr'>vel</span> <span class='ocrx_word' id='word_1_80' title='bbox 844 527 941 561; x_wconf 86' lang='lat' dir='ltr'>alium</span> <span class='ocrx_word' id='word_1_81' title='bbox 978 538 1037 562; x_wconf 89' lang='lat' dir='ltr'>seu</span> <span class='ocrx_word' id='word_1_82' title='bbox 1075 528 1158 562; x_wconf 90' lang='lat' dir='ltr'>alios</span> <span class='ocrx_word' id='word_1_83' title='bbox 1196 531 1227 561; x_wconf 88' lang='lat' dir='ltr'>in</span> <span class='ocrx_word' id='word_1_84' title='bbox 1257 528 1464 573; x_wconf 84' lang='lat' dir='ltr'>corporalem</span> <span class='ocrx_word' id='word_1_85' title='bbox 1493 530 1745 573; x_wconf 84' lang='lat' dir='ltr'>possessionem</span> <span class='ocrx_word' id='word_1_86' title='bbox 1775 527 2011 561; x_wconf 81' lang='lat' dir='ltr'>beneficiorum</span> <span class='ocrx_word' id='word_1_87' title='bbox 2041 539 2079 561; x_wconf 82' lang='lat' dir='ltr'>ac</span> 
     </span>
     <span class='ocr_line' id='line_1_9' title="bbox 241 587 2080 634; baseline -0.001 -12"><span class='ocrx_word' id='word_1_88' title='bbox 241 591 358 622; x_wconf 89' lang='lat' dir='ltr'>iurium</span> <span class='ocrx_word' id='word_1_89' title='bbox 393 593 425 622; x_wconf 88' lang='lat' dir='ltr'>et</span> <span class='ocrx_word' id='word_1_90' title='bbox 454 591 722 634; x_wconf 88' lang='lat' dir='ltr'>pertinentiarum</span> <span class='ocrx_word' id='word_1_91' title='bbox 760 587 980 634; x_wconf 87' lang='lat' dir='ltr'>predictorum</span> <span class='ocrx_word' id='word_1_92' title='bbox 1018 591 1213 622; x_wconf 87' lang='lat' dir='ltr'>auctoritate</span> <span class='ocrx_word' id='word_1_93' title='bbox 1248 592 1359 621; x_wconf 89' lang='lat' dir='ltr'>nostra</span> <span class='ocrx_word' id='word_1_94' title='bbox 1390 592 1422 621; x_wconf 87' lang='lat' dir='ltr'>et</span> <span class='ocrx_word' id='word_1_95' title='bbox 1450 588 1647 622; x_wconf 87' lang='lat' dir='ltr'>defendendi</span> <span class='ocrx_word' id='word_1_96' title='bbox 1685 588 1846 630; x_wconf 78' lang='lat' dir='ltr'>inductas,</span> <span class='ocrx_word' id='word_1_97' title='bbox 1875 599 1999 633; x_wconf 90' lang='lat' dir='ltr'>easque</span> <span class='ocrx_word' id='word_1_98' title='bbox 2028 588 2080 621; x_wconf 86' lang='lat' dir='ltr'>vel</span> 
     </span>
     <span class='ocr_line' id='line_1_10' title="bbox 242 647 2082 695; baseline -0.001 -13"><span class='ocrx_word' id='word_1_99' title='bbox 242 649 349 682; x_wconf 88' lang='lat' dir='ltr'>dictos</span> <span class='ocrx_word' id='word_1_100' title='bbox 378 654 612 694; x_wconf 87' lang='lat' dir='ltr'>procuratores</span> <span class='ocrx_word' id='word_1_101' title='bbox 640 660 699 695; x_wconf 90' lang='lat' dir='ltr'>pro</span> <span class='ocrx_word' id='word_1_102' title='bbox 729 652 777 683; x_wconf 89' lang='lat' dir='ltr'>eis</span> <span class='ocrx_word' id='word_1_103' title='bbox 805 648 949 682; x_wconf 90' lang='lat' dir='ltr'>faciendi</span> <span class='ocrx_word' id='word_1_104' title='bbox 977 648 1016 682; x_wconf 87' lang='lat' dir='ltr'>ad</span> <span class='ocrx_word' id='word_1_105' title='bbox 1046 648 1230 682; x_wconf 90' lang='lat' dir='ltr'>huiusmodi</span> <span class='ocrx_word' id='word_1_106' title='bbox 1258 647 1419 682; x_wconf 87' lang='lat' dir='ltr'>beneficia</span> <span class='ocrx_word' id='word_1_107' title='bbox 1449 653 1482 682; x_wconf 87' lang='lat' dir='ltr'>ut</span> <span class='ocrx_word' id='word_1_108' title='bbox 1511 653 1562 682; x_wconf 90' lang='lat' dir='ltr'>est</span> <span class='ocrx_word' id='word_1_109' title='bbox 1590 651 1689 682; x_wconf 91' lang='lat' dir='ltr'>moris</span> <span class='ocrx_word' id='word_1_110' title='bbox 1718 648 1854 691; x_wconf 83' lang='lat' dir='ltr'>admitti,</span> <span class='ocrx_word' id='word_1_111' title='bbox 1885 647 2013 693; x_wconf 89' lang='lat' dir='ltr'>sibique</span> <span class='ocrx_word' id='word_1_112' title='bbox 2042 648 2082 681; x_wconf 84' lang='lat' dir='ltr'>(le</span> 
     </span>
     <span class='ocr_line' id='line_1_11' title="bbox 242 708 2081 755; baseline 0.001 -13"><span class='ocrx_word' id='word_1_113' title='bbox 242 712 388 754; x_wconf 89' lang='lat' dir='ltr'>ipsorum</span> <span class='ocrx_word' id='word_1_114' title='bbox 416 709 651 744; x_wconf 88' lang='lat' dir='ltr'>beneficiorum</span> <span class='ocrx_word' id='word_1_115' title='bbox 680 709 838 744; x_wconf 88' lang='lat' dir='ltr'>fructibus</span> <span class='ocrx_word' id='word_1_116' title='bbox 880 709 1062 744; x_wconf 86' lang='lat' dir='ltr'>redditibus</span> <span class='ocrx_word' id='word_1_117' title='bbox 1090 708 1305 755; x_wconf 88' lang='lat' dir='ltr'>proventibus</span> <span class='ocrx_word' id='word_1_118' title='bbox 1335 709 1459 744; x_wconf 93' lang='lat' dir='ltr'>iuribus</span> <span class='ocrx_word' id='word_1_119' title='bbox 1488 714 1521 743; x_wconf 91' lang='lat' dir='ltr'>et</span> <span class='ocrx_word' id='word_1_120' title='bbox 1549 709 1803 743; x_wconf 88' lang='lat' dir='ltr'>obventionibus</span> <span class='ocrx_word' id='word_1_121' title='bbox 1832 712 1997 743; x_wconf 87' lang='lat' dir='ltr'>universis</span> <span class='ocrx_word' id='word_1_122' title='bbox 2026 711 2081 743; x_wconf 87' lang='lat' dir='ltr'>in-</span> 
     </span>
     <span class='ocr_line' id='line_1_12' title="bbox 243 769 2082 816; baseline -0.001 -12"><span class='ocrx_word' id='word_1_123' title='bbox 243 774 338 814; x_wconf 85' lang='lat' dir='ltr'>tegre</span> <span class='ocrx_word' id='word_1_124' title='bbox 366 770 560 816; x_wconf 84' lang='lat' dir='ltr'>responderi</span> <span class='ocrx_word' id='word_1_125' title='bbox 589 782 651 804; x_wconf 91' lang='lat' dir='ltr'>nec</span> <span class='ocrx_word' id='word_1_126' title='bbox 687 781 753 804; x_wconf 92' lang='lat' dir='ltr'>non</span> <span class='ocrx_word' id='word_1_127' title='bbox 783 769 1050 804; x_wconf 90' lang='lat' dir='ltr'>Contradictores</span> <span class='ocrx_word' id='word_1_128' title='bbox 1085 772 1282 804; x_wconf 89' lang='lat' dir='ltr'>auctoritate</span> <span class='ocrx_word' id='word_1_129' title='bbox 1316 774 1427 803; x_wconf 89' lang='lat' dir='ltr'>nostra</span> <span class='ocrx_word' id='word_1_130' title='bbox 1463 769 1683 815; x_wconf 85' lang='lat' dir='ltr'>appellatione</span> <span class='ocrx_word' id='word_1_131' title='bbox 1711 772 1892 815; x_wconf 87' lang='lat' dir='ltr'>postposita</span> <span class='ocrx_word' id='word_1_132' title='bbox 1921 780 2082 815; x_wconf 88' lang='lat' dir='ltr'>compes-</span> 
     </span>
     <span class='ocr_line' id='line_1_13' title="bbox 243 829 2081 877; baseline 0 -14"><span class='ocrx_word' id='word_1_133' title='bbox 243 830 351 864; x_wconf 87' lang='lat' dir='ltr'>cendi.</span> <span class='ocrx_word' id='word_1_134' title='bbox 381 829 455 864; x_wconf 91' lang='lat' dir='ltr'>Non</span> <span class='ocrx_word' id='word_1_135' title='bbox 483 830 690 865; x_wconf 88' lang='lat' dir='ltr'>obstantibus</span> <span class='ocrx_word' id='word_1_136' title='bbox 718 830 977 877; x_wconf 90' lang='lat' dir='ltr'>quibuscumque</span> <span class='ocrx_word' id='word_1_137' title='bbox 1006 833 1134 865; x_wconf 91' lang='lat' dir='ltr'>statutis</span> <span class='ocrx_word' id='word_1_138' title='bbox 1162 835 1195 864; x_wconf 90' lang='lat' dir='ltr'>et</span> <span class='ocrx_word' id='word_1_139' title='bbox 1223 829 1516 864; x_wconf 83' lang='lat' dir='ltr'>consuetudinibus</span> <span class='ocrx_word' id='word_1_140' title='bbox 1545 829 1693 863; x_wconf 88' lang='lat' dir='ltr'>eiusdem</span> <span class='ocrx_word' id='word_1_141' title='bbox 1720 829 1775 863; x_wconf 87' lang='lat' dir='ltr'>vel</span> <span class='ocrx_word' id='word_1_142' title='bbox 1804 829 1939 863; x_wconf 89' lang='lat' dir='ltr'>aliarum</span> <span class='ocrx_word' id='word_1_143' title='bbox 1966 830 2081 863; x_wconf 87' lang='lat' dir='ltr'>eccle—</span> 
     </span>
     <span class='ocr_line' id='line_1_14' title="bbox 244 889 2082 936; baseline -0.001 -12"><span class='ocrx_word' id='word_1_144' title='bbox 244 893 368 924; x_wconf 88' lang='lat' dir='ltr'>siarum</span> <span class='ocrx_word' id='word_1_145' title='bbox 397 893 429 924; x_wconf 94' lang='lat' dir='ltr'>in</span> <span class='ocrx_word' id='word_1_146' title='bbox 458 889 575 936; x_wconf 91' lang='lat' dir='ltr'>quibus</span> <span class='ocrx_word' id='word_1_147' title='bbox 605 890 789 925; x_wconf 90' lang='lat' dir='ltr'>huiusmodi</span> <span class='ocrx_word' id='word_1_148' title='bbox 819 891 933 925; x_wconf 87' lang='lat' dir='ltr'>forsan</span> <span class='ocrx_word' id='word_1_149' title='bbox 961 890 1123 924; x_wconf 88' lang='lat' dir='ltr'>beneficia</span> <span class='ocrx_word' id='word_1_150' title='bbox 1152 890 1274 924; x_wconf 86' lang='lat' dir='ltr'>fuerint</span> <span class='ocrx_word' id='word_1_151' title='bbox 1301 892 1476 924; x_wconf 86' lang='lat' dir='ltr'>contrariis</span> <span class='ocrx_word' id='word_1_152' title='bbox 1505 893 1688 923; x_wconf 89' lang='lat' dir='ltr'>iuramento</span> <span class='ocrx_word' id='word_1_153' title='bbox 1717 889 1967 924; x_wconf 78' lang='lat' dir='ltr'>confirmatione</span> <span class='ocrx_word' id='word_1_154' title='bbox 1997 901 2082 935; x_wconf 91' lang='lat' dir='ltr'>apo-</span> 
     </span>
     <span class='ocr_line' id='line_1_15' title="bbox 244 949 2082 997; baseline -0.001 -13"><span class='ocrx_word' id='word_1_155' title='bbox 244 951 358 985; x_wconf 88' lang='lat' dir='ltr'>stolica</span> <span class='ocrx_word' id='word_1_156' title='bbox 387 951 440 984; x_wconf 90' lang='lat' dir='ltr'>vel</span> <span class='ocrx_word' id='word_1_157' title='bbox 469 961 675 997; x_wconf 89' lang='lat' dir='ltr'>quacumque</span> <span class='ocrx_word' id='word_1_158' title='bbox 703 951 856 985; x_wconf 85' lang='lat' dir='ltr'>firmitate</span> <span class='ocrx_word' id='word_1_159' title='bbox 875 951 938 985; x_wconf 89' lang='lat' dir='ltr'>alia</span> <span class='ocrx_word' id='word_1_160' title='bbox 966 951 1140 985; x_wconf 86' lang='lat' dir='ltr'>roboratis.</span> <span class='ocrx_word' id='word_1_161' title='bbox 1171 952 1239 985; x_wconf 91' lang='lat' dir='ltr'>Aut</span> <span class='ocrx_word' id='word_1_162' title='bbox 1267 953 1295 985; x_wconf 89' lang='lat' dir='ltr'>si</span> <span class='ocrx_word' id='word_1_163' title='bbox 1318 951 1416 996; x_wconf 87' lang='lat' dir='ltr'>aliqui</span> <span class='ocrx_word' id='word_1_164' title='bbox 1445 961 1545 996; x_wconf 89' lang='lat' dir='ltr'>super</span> <span class='ocrx_word' id='word_1_165' title='bbox 1564 949 1813 996; x_wconf 88' lang='lat' dir='ltr'>provisionibus</span> <span class='ocrx_word' id='word_1_166' title='bbox 1840 950 1900 984; x_wconf 90' lang='lat' dir='ltr'>sibi</span> <span class='ocrx_word' id='word_1_167' title='bbox 1921 949 2082 984; x_wconf 77' lang='lat' dir='ltr'>faciendis</span> 
     </span>
     <span class='ocr_line' id='line_1_16' title="bbox 245 1010 2083 1057; baseline 0 -13"><span class='ocrx_word' id='word_1_168' title='bbox 245 1012 285 1045; x_wconf 89' lang='lat' dir='ltr'>de</span> <span class='ocrx_word' id='word_1_169' title='bbox 310 1011 494 1045; x_wconf 87' lang='lat' dir='ltr'>huiusmodi</span> <span class='ocrx_word' id='word_1_170' title='bbox 523 1011 576 1045; x_wconf 92' lang='lat' dir='ltr'>vel</span> <span class='ocrx_word' id='word_1_171' title='bbox 605 1012 677 1045; x_wconf 88' lang='lat' dir='ltr'>aliis</span> <span class='ocrx_word' id='word_1_172' title='bbox 706 1011 879 1046; x_wconf 88' lang='lat' dir='ltr'>beneficiis</span> <span class='ocrx_word' id='word_1_173' title='bbox 916 1012 1158 1046; x_wconf 87' lang='lat' dir='ltr'>ecclesiasticis</span> <span class='ocrx_word' id='word_1_174' title='bbox 1186 1015 1218 1045; x_wconf 92' lang='lat' dir='ltr'>in</span> <span class='ocrx_word' id='word_1_175' title='bbox 1246 1012 1309 1046; x_wconf 88' lang='lat' dir='ltr'>illis</span> <span class='ocrx_word' id='word_1_176' title='bbox 1338 1010 1484 1057; x_wconf 90' lang='lat' dir='ltr'>partibus</span> <span class='ocrx_word' id='word_1_177' title='bbox 1513 1011 1678 1056; x_wconf 87' lang='lat' dir='ltr'>speciales</span> <span class='ocrx_word' id='word_1_178' title='bbox 1707 1011 1761 1045; x_wconf 90' lang='lat' dir='ltr'>vel</span> <span class='ocrx_word' id='word_1_179' title='bbox 1789 1011 1968 1055; x_wconf 82' lang='lat' dir='ltr'>generales</span> <span class='ocrx_word' id='word_1_180' title='bbox 1998 1010 2083 1044; x_wconf 86' lang='lat' dir='ltr'>dicte</span> 
     </span>
     <span class='ocr_line' id='line_1_17' title="bbox 246 1071 2083 1118; baseline -0.001 -12"><span class='ocrx_word' id='word_1_181' title='bbox 246 1071 334 1106; x_wconf 87' lang='lat' dir='ltr'>sedis</span> <span class='ocrx_word' id='word_1_182' title='bbox 362 1071 416 1105; x_wconf 89' lang='lat' dir='ltr'>vel</span> <span class='ocrx_word' id='word_1_183' title='bbox 444 1071 627 1116; x_wconf 82' lang='lat' dir='ltr'>legatorum</span> <span class='ocrx_word' id='word_1_184' title='bbox 657 1074 727 1105; x_wconf 87' lang='lat' dir='ltr'>eius</span> <span class='ocrx_word' id='word_1_185' title='bbox 755 1072 866 1106; x_wconf 87' lang='lat' dir='ltr'>literas</span> <span class='ocrx_word' id='word_1_186' title='bbox 895 1074 1146 1118; x_wconf 75' lang='lat' dir='ltr'>impetraverim</span> <span class='ocrx_word' id='word_1_187' title='bbox 1165 1075 1294 1107; x_wconf 89' lang='lat' dir='ltr'>etiamsi</span> <span class='ocrx_word' id='word_1_188' title='bbox 1322 1083 1382 1117; x_wconf 89' lang='lat' dir='ltr'>per</span> <span class='ocrx_word' id='word_1_189' title='bbox 1410 1083 1466 1106; x_wconf 89' lang='lat' dir='ltr'>eas</span> <span class='ocrx_word' id='word_1_190' title='bbox 1486 1072 1526 1105; x_wconf 88' lang='lat' dir='ltr'>ad</span> <span class='ocrx_word' id='word_1_191' title='bbox 1556 1071 1792 1114; x_wconf 72' lang='lat' dir='ltr'>inhibitionem,</span> <span class='ocrx_word' id='word_1_192' title='bbox 1820 1074 2083 1105; x_wconf 82' lang='lat' dir='ltr'>reservationem</span> 
     </span>
     <span class='ocr_line' id='line_1_18' title="bbox 245 1132 2084 1179; baseline -0.001 -13"><span class='ocrx_word' id='word_1_193' title='bbox 245 1137 278 1166; x_wconf 87' lang='lat' dir='ltr'>et</span> <span class='ocrx_word' id='word_1_194' title='bbox 313 1132 480 1165; x_wconf 90' lang='lat' dir='ltr'>decretum</span> <span class='ocrx_word' id='word_1_195' title='bbox 519 1132 572 1166; x_wconf 90' lang='lat' dir='ltr'>vel</span> <span class='ocrx_word' id='word_1_196' title='bbox 607 1132 688 1166; x_wconf 88' lang='lat' dir='ltr'>alias</span> <span class='ocrx_word' id='word_1_197' title='bbox 723 1132 967 1178; x_wconf 88' lang='lat' dir='ltr'>quomodolibet</span> <span class='ocrx_word' id='word_1_198' title='bbox 1003 1136 1044 1167; x_wconf 86' lang='lat' dir='ltr'>sit</span> <span class='ocrx_word' id='word_1_199' title='bbox 1078 1144 1270 1179; x_wconf 86' lang='lat' dir='ltr'>processum</span> <span class='ocrx_word' id='word_1_200' title='bbox 1305 1132 1422 1178; x_wconf 91' lang='lat' dir='ltr'>quibus</span> <span class='ocrx_word' id='word_1_201' title='bbox 1460 1132 1610 1166; x_wconf 89' lang='lat' dir='ltr'>omnibus</span> <span class='ocrx_word' id='word_1_202' title='bbox 1647 1137 1855 1178; x_wconf 89' lang='lat' dir='ltr'>preterquam</span> <span class='ocrx_word' id='word_1_203' title='bbox 1891 1134 2084 1165; x_wconf 87' lang='lat' dir='ltr'>auctoritate</span> 
     </span>
     <span class='ocr_line' id='line_1_19' title="bbox 246 1192 2082 1239; baseline -0.001 -12"><span class='ocrx_word' id='word_1_204' title='bbox 246 1197 360 1227; x_wconf 87' lang='lat' dir='ltr'>nostra</span> <span class='ocrx_word' id='word_1_205' title='bbox 390 1192 575 1227; x_wconf 91' lang='lat' dir='ltr'>huiusmodi</span> <span class='ocrx_word' id='word_1_206' title='bbox 604 1192 766 1226; x_wconf 86' lang='lat' dir='ltr'>beneficia</span> <span class='ocrx_word' id='word_1_207' title='bbox 794 1192 1047 1239; x_wconf 80' lang='lat' dir='ltr'>expectantibus</span> <span class='ocrx_word' id='word_1_208' title='bbox 1076 1193 1180 1235; x_wconf 64' lang='lat' dir='ltr'>dictas</span> <span class='ocrx_word' id='word_1_209' title='bbox 1209 1205 1370 1239; x_wconf 86' lang='lat' dir='ltr'>personas</span> <span class='ocrx_word' id='word_1_210' title='bbox 1390 1196 1422 1227; x_wconf 90' lang='lat' dir='ltr'>in</span> <span class='ocrx_word' id='word_1_211' title='bbox 1442 1195 1654 1227; x_wconf 88' lang='lat' dir='ltr'>assecutione</span> <span class='ocrx_word' id='word_1_212' title='bbox 1683 1192 1917 1226; x_wconf 87' lang='lat' dir='ltr'>beneficiorum</span> <span class='ocrx_word' id='word_1_213' title='bbox 1937 1195 2082 1237; x_wconf 90' lang='lat' dir='ltr'>ipsorum</span> 
     </span>
     <span class='ocr_line' id='line_1_20' title="bbox 246 1252 2083 1300; baseline -0.001 -13"><span class='ocrx_word' id='word_1_214' title='bbox 246 1254 396 1288; x_wconf 86' lang='lat' dir='ltr'>nolumus</span> <span class='ocrx_word' id='word_1_215' title='bbox 433 1252 602 1296; x_wconf 80' lang='lat' dir='ltr'>anteferri,</span> <span class='ocrx_word' id='word_1_216' title='bbox 639 1254 698 1288; x_wconf 89' lang='lat' dir='ltr'>sed</span> <span class='ocrx_word' id='word_1_217' title='bbox 733 1254 856 1288; x_wconf 88' lang='lat' dir='ltr'>nullum</span> <span class='ocrx_word' id='word_1_218' title='bbox 891 1265 950 1300; x_wconf 92' lang='lat' dir='ltr'>pro</span> <span class='ocrx_word' id='word_1_219' title='bbox 988 1254 1050 1288; x_wconf 93' lang='lat' dir='ltr'>hoc</span> <span class='ocrx_word' id='word_1_220' title='bbox 1080 1257 1128 1289; x_wconf 89' lang='lat' dir='ltr'>eis</span> <span class='ocrx_word' id='word_1_221' title='bbox 1159 1255 1266 1300; x_wconf 87' lang='lat' dir='ltr'>quoad</span> <span class='ocrx_word' id='word_1_222' title='bbox 1296 1257 1541 1288; x_wconf 85' lang='lat' dir='ltr'>assecutionem</span> <span class='ocrx_word' id='word_1_223' title='bbox 1572 1253 1708 1286; x_wconf 89' lang='lat' dir='ltr'>aliorum</span> <span class='ocrx_word' id='word_1_224' title='bbox 1737 1252 1973 1286; x_wconf 82' lang='lat' dir='ltr'>beneficiorum</span> <span class='ocrx_word' id='word_1_225' title='bbox 2002 1263 2083 1298; x_wconf 87' lang='lat' dir='ltr'>pre-</span> 
     </span>
     <span class='ocr_line' id='line_1_21' title="bbox 246 1313 2084 1360; baseline -0.001 -13"><span class='ocrx_word' id='word_1_226' title='bbox 246 1313 399 1348; x_wconf 90' lang='lat' dir='ltr'>iudicium</span> <span class='ocrx_word' id='word_1_227' title='bbox 428 1317 595 1358; x_wconf 86' lang='lat' dir='ltr'>generari.</span> <span class='ocrx_word' id='word_1_228' title='bbox 626 1314 694 1348; x_wconf 90' lang='lat' dir='ltr'>Seu</span> <span class='ocrx_word' id='word_1_229' title='bbox 723 1317 750 1348; x_wconf 90' lang='lat' dir='ltr'>si</span> <span class='ocrx_word' id='word_1_230' title='bbox 780 1315 904 1348; x_wconf 90' lang='lat' dir='ltr'>eisdem</span> <span class='ocrx_word' id='word_1_231' title='bbox 934 1314 1195 1349; x_wconf 88' lang='lat' dir='ltr'>Successoribus</span> <span class='ocrx_word' id='word_1_232' title='bbox 1225 1319 1257 1348; x_wconf 91' lang='lat' dir='ltr'>et</span> <span class='ocrx_word' id='word_1_233' title='bbox 1286 1314 1446 1360; x_wconf 69' lang='lat' dir='ltr'>Capitulo,</span> <span class='ocrx_word' id='word_1_234' title='bbox 1477 1314 1529 1347; x_wconf 88' lang='lat' dir='ltr'>vel</span> <span class='ocrx_word' id='word_1_235' title='bbox 1559 1313 1729 1359; x_wconf 83' lang='lat' dir='ltr'>quibusvis</span> <span class='ocrx_word' id='word_1_236' title='bbox 1767 1313 1838 1347; x_wconf 90' lang='lat' dir='ltr'>aliis</span> <span class='ocrx_word' id='word_1_237' title='bbox 1866 1315 2084 1347; x_wconf 87' lang='lat' dir='ltr'>communiter</span> 
     </span>
     <span class='ocr_line' id='line_1_22' title="bbox 246 1374 2086 1421; baseline -0.001 -14"><span class='ocrx_word' id='word_1_238' title='bbox 246 1375 300 1408; x_wconf 92' lang='lat' dir='ltr'>vel</span> <span class='ocrx_word' id='word_1_239' title='bbox 330 1374 461 1408; x_wconf 88' lang='lat' dir='ltr'>divisim</span> <span class='ocrx_word' id='word_1_240' title='bbox 503 1386 520 1408; x_wconf 89' lang='lat' dir='ltr'>a</span> <span class='ocrx_word' id='word_1_241' title='bbox 555 1374 640 1408; x_wconf 87' lang='lat' dir='ltr'>dicta</span> <span class='ocrx_word' id='word_1_242' title='bbox 670 1377 712 1409; x_wconf 87' lang='lat' dir='ltr'>sit</span> <span class='ocrx_word' id='word_1_243' title='bbox 739 1374 818 1409; x_wconf 88' lang='lat' dir='ltr'>sede</span> <span class='ocrx_word' id='word_1_244' title='bbox 848 1375 1004 1409; x_wconf 88' lang='lat' dir='ltr'>indultum</span> <span class='ocrx_word' id='word_1_245' title='bbox 1034 1375 1118 1421; x_wconf 90' lang='lat' dir='ltr'>quod</span> <span class='ocrx_word' id='word_1_246' title='bbox 1149 1375 1188 1409; x_wconf 91' lang='lat' dir='ltr'>ad</span> <span class='ocrx_word' id='word_1_247' title='bbox 1217 1378 1441 1421; x_wconf 89' lang='lat' dir='ltr'>receptionem</span> <span class='ocrx_word' id='word_1_248' title='bbox 1463 1374 1517 1408; x_wconf 91' lang='lat' dir='ltr'>vel</span> <span class='ocrx_word' id='word_1_249' title='bbox 1537 1377 1764 1420; x_wconf 89' lang='lat' dir='ltr'>provisionem</span> <span class='ocrx_word' id='word_1_250' title='bbox 1789 1374 1925 1407; x_wconf 87' lang='lat' dir='ltr'>alicuius</span> <span class='ocrx_word' id='word_1_251' title='bbox 1954 1375 2086 1406; x_wconf 91' lang='lat' dir='ltr'>minime</span> 
     </span>
     <span class='ocr_line' id='line_1_23' title="bbox 246 1434 2083 1481; baseline -0.001 -13"><span class='ocrx_word' id='word_1_252' title='bbox 246 1439 431 1477; x_wconf 87' lang='lat' dir='ltr'>teneantur,</span> <span class='ocrx_word' id='word_1_253' title='bbox 461 1439 493 1468; x_wconf 88' lang='lat' dir='ltr'>et</span> <span class='ocrx_word' id='word_1_254' title='bbox 521 1434 560 1468; x_wconf 86' lang='lat' dir='ltr'>ad</span> <span class='ocrx_word' id='word_1_255' title='bbox 590 1434 620 1468; x_wconf 92' lang='lat' dir='ltr'>id</span> <span class='ocrx_word' id='word_1_256' title='bbox 658 1436 810 1481; x_wconf 90' lang='lat' dir='ltr'>compelli</span> <span class='ocrx_word' id='word_1_257' title='bbox 844 1440 898 1469; x_wconf 91' lang='lat' dir='ltr'>aut</span> <span class='ocrx_word' id='word_1_258' title='bbox 925 1435 1010 1481; x_wconf 90' lang='lat' dir='ltr'>quod</span> <span class='ocrx_word' id='word_1_259' title='bbox 1047 1435 1197 1469; x_wconf 88' lang='lat' dir='ltr'>interdici</span> <span class='ocrx_word' id='word_1_260' title='bbox 1239 1435 1397 1481; x_wconf 90' lang='lat' dir='ltr'>suspendi</span> <span class='ocrx_word' id='word_1_261' title='bbox 1434 1435 1488 1470; x_wconf 89' lang='lat' dir='ltr'>vel</span> <span class='ocrx_word' id='word_1_262' title='bbox 1525 1437 1804 1468; x_wconf 85' lang='lat' dir='ltr'>excommunicari</span> <span class='ocrx_word' id='word_1_263' title='bbox 1840 1445 1906 1467; x_wconf 87' lang='lat' dir='ltr'>non</span> <span class='ocrx_word' id='word_1_264' title='bbox 1943 1436 2083 1480; x_wconf 70' lang='lat' dir='ltr'>possint,</span> 
     </span>
     <span class='ocr_line' id='line_1_24' title="bbox 245 1494 2083 1541; baseline -0.001 -13"><span class='ocrx_word' id='word_1_265' title='bbox 245 1494 399 1541; x_wconf 89' lang='lat' dir='ltr'>quodque</span> <span class='ocrx_word' id='word_1_266' title='bbox 419 1495 459 1528; x_wconf 89' lang='lat' dir='ltr'>de</span> <span class='ocrx_word' id='word_1_267' title='bbox 479 1494 662 1529; x_wconf 89' lang='lat' dir='ltr'>huiusmodi</span> <span class='ocrx_word' id='word_1_268' title='bbox 682 1495 737 1529; x_wconf 86' lang='lat' dir='ltr'>vel</span> <span class='ocrx_word' id='word_1_269' title='bbox 757 1495 827 1529; x_wconf 85' lang='lat' dir='ltr'>aliis</span> <span class='ocrx_word' id='word_1_270' title='bbox 847 1495 1018 1530; x_wconf 86' lang='lat' dir='ltr'>beneficiis</span> <span class='ocrx_word' id='word_1_271' title='bbox 1034 1496 1270 1530; x_wconf 88' lang='lat' dir='ltr'>ecclesiasticis</span> <span class='ocrx_word' id='word_1_272' title='bbox 1287 1496 1325 1529; x_wconf 91' lang='lat' dir='ltr'>ad</span> <span class='ocrx_word' id='word_1_273' title='bbox 1343 1507 1455 1530; x_wconf 90' lang='lat' dir='ltr'>eorum</span> <span class='ocrx_word' id='word_1_274' title='bbox 1474 1496 1681 1529; x_wconf 90' lang='lat' dir='ltr'>collationem</span> <span class='ocrx_word' id='word_1_275' title='bbox 1699 1497 1921 1541; x_wconf 88' lang='lat' dir='ltr'>provisionem</span> <span class='ocrx_word' id='word_1_276' title='bbox 1937 1504 2083 1540; x_wconf 88' lang='lat' dir='ltr'>presen-</span> 
     </span>
     <span class='ocr_line' id='line_1_25' title="bbox 246 1554 2082 1602; baseline -0.001 -13"><span class='ocrx_word' id='word_1_277' title='bbox 246 1558 403 1589; x_wconf 86' lang='lat' dir='ltr'>tationem</span> <span class='ocrx_word' id='word_1_278' title='bbox 425 1566 483 1589; x_wconf 92' lang='lat' dir='ltr'>seu</span> <span class='ocrx_word' id='word_1_279' title='bbox 513 1558 663 1600; x_wconf 86' lang='lat' dir='ltr'>quamvis</span> <span class='ocrx_word' id='word_1_280' title='bbox 692 1555 787 1588; x_wconf 88' lang='lat' dir='ltr'>aliam</span> <span class='ocrx_word' id='word_1_281' title='bbox 817 1556 1064 1601; x_wconf 88' lang='lat' dir='ltr'>dispositionem</span> <span class='ocrx_word' id='word_1_282' title='bbox 1094 1559 1294 1590; x_wconf 88' lang='lat' dir='ltr'>coniunctim</span> <span class='ocrx_word' id='word_1_283' title='bbox 1316 1556 1369 1590; x_wconf 90' lang='lat' dir='ltr'>vel</span> <span class='ocrx_word' id='word_1_284' title='bbox 1397 1559 1573 1602; x_wconf 87' lang='lat' dir='ltr'>separatim</span> <span class='ocrx_word' id='word_1_285' title='bbox 1603 1554 1838 1602; x_wconf 80' lang='lat' dir='ltr'>spectantibus,</span> <span class='ocrx_word' id='word_1_286' title='bbox 1867 1554 1945 1588; x_wconf 89' lang='lat' dir='ltr'>nulli</span> <span class='ocrx_word' id='word_1_287' title='bbox 1974 1554 2082 1588; x_wconf 85' lang='lat' dir='ltr'>valeat</span> 
     </span>
     <span class='ocr_line' id='line_1_26' title="bbox 247 1614 2082 1663; baseline -0.001 -14"><span class='ocrx_word' id='word_1_288' title='bbox 247 1616 413 1661; x_wconf 90' lang='lat' dir='ltr'>provideri</span> <span class='ocrx_word' id='word_1_289' title='bbox 443 1627 500 1661; x_wconf 90' lang='lat' dir='ltr'>per</span> <span class='ocrx_word' id='word_1_290' title='bbox 525 1616 635 1649; x_wconf 86' lang='lat' dir='ltr'>literas</span> <span class='ocrx_word' id='word_1_291' title='bbox 665 1616 865 1661; x_wconf 86' lang='lat' dir='ltr'>apostolicas</span> <span class='ocrx_word' id='word_1_292' title='bbox 893 1627 960 1650; x_wconf 89' lang='lat' dir='ltr'>non</span> <span class='ocrx_word' id='word_1_293' title='bbox 987 1616 1149 1651; x_wconf 86' lang='lat' dir='ltr'>facientes</span> <span class='ocrx_word' id='word_1_294' title='bbox 1177 1617 1307 1662; x_wconf 90' lang='lat' dir='ltr'>plenam</span> <span class='ocrx_word' id='word_1_295' title='bbox 1337 1621 1369 1650; x_wconf 89' lang='lat' dir='ltr'>et</span> <span class='ocrx_word' id='word_1_296' title='bbox 1397 1628 1593 1663; x_wconf 78' lang='lat' dir='ltr'>expressam</span> <span class='ocrx_word' id='word_1_297' title='bbox 1623 1627 1662 1650; x_wconf 89' lang='lat' dir='ltr'>ac</span> <span class='ocrx_word' id='word_1_298' title='bbox 1691 1615 1731 1649; x_wconf 89' lang='lat' dir='ltr'>de</span> <span class='ocrx_word' id='word_1_299' title='bbox 1759 1614 1864 1650; x_wconf 90' lang='lat' dir='ltr'>verbo</span> <span class='ocrx_word' id='word_1_300' title='bbox 1885 1614 1924 1649; x_wconf 87' lang='lat' dir='ltr'>ad</span> <span class='ocrx_word' id='word_1_301' title='bbox 1945 1614 2082 1649; x_wconf 92' lang='lat' dir='ltr'>verbum</span> 
     </span>
     <span class='ocr_line' id='line_1_27' title="bbox 246 1675 2081 1722; baseline -0.001 -13"><span class='ocrx_word' id='word_1_302' title='bbox 246 1675 287 1709; x_wconf 93' lang='lat' dir='ltr'>de</span> <span class='ocrx_word' id='word_1_303' title='bbox 306 1675 429 1709; x_wconf 91' lang='lat' dir='ltr'>indulto</span> <span class='ocrx_word' id='word_1_304' title='bbox 451 1675 635 1710; x_wconf 90' lang='lat' dir='ltr'>huiusmodi</span> <span class='ocrx_word' id='word_1_305' title='bbox 663 1679 875 1719; x_wconf 76' lang='lat' dir='ltr'>mentionem,</span> <span class='ocrx_word' id='word_1_306' title='bbox 907 1681 938 1710; x_wconf 90' lang='lat' dir='ltr'>et</span> <span class='ocrx_word' id='word_1_307' title='bbox 957 1676 1101 1722; x_wconf 89' lang='lat' dir='ltr'>qualibet</span> <span class='ocrx_word' id='word_1_308' title='bbox 1129 1677 1190 1711; x_wconf 87' lang='lat' dir='ltr'>alia</span> <span class='ocrx_word' id='word_1_309' title='bbox 1219 1678 1305 1711; x_wconf 87' lang='lat' dir='ltr'>dicte</span> <span class='ocrx_word' id='word_1_310' title='bbox 1334 1677 1423 1712; x_wconf 89' lang='lat' dir='ltr'>sedis</span> <span class='ocrx_word' id='word_1_311' title='bbox 1451 1677 1654 1722; x_wconf 83' lang='lat' dir='ltr'>indulgentia</span> <span class='ocrx_word' id='word_1_312' title='bbox 1682 1676 1832 1721; x_wconf 84' lang='lat' dir='ltr'>generali</span> <span class='ocrx_word' id='word_1_313' title='bbox 1860 1676 1915 1709; x_wconf 89' lang='lat' dir='ltr'>vel</span> <span class='ocrx_word' id='word_1_314' title='bbox 1945 1675 2081 1721; x_wconf 87' lang='lat' dir='ltr'>speciali</span> 
     </span>
     <span class='ocr_line' id='line_1_28' title="bbox 245 1737 2079 1783; baseline -0.001 -14"><span class='ocrx_word' id='word_1_315' title='bbox 245 1738 482 1781; x_wconf 89' lang='lat' dir='ltr'>cuiuscumque</span> <span class='ocrx_word' id='word_1_316' title='bbox 512 1739 635 1770; x_wconf 89' lang='lat' dir='ltr'>tenoris</span> <span class='ocrx_word' id='word_1_317' title='bbox 664 1739 797 1779; x_wconf 88' lang='lat' dir='ltr'>existat,</span> <span class='ocrx_word' id='word_1_318' title='bbox 827 1748 886 1783; x_wconf 90' lang='lat' dir='ltr'>per</span> <span class='ocrx_word' id='word_1_319' title='bbox 914 1748 1010 1782; x_wconf 91' lang='lat' dir='ltr'>quam</span> <span class='ocrx_word' id='word_1_320' title='bbox 1038 1737 1250 1783; x_wconf 88' lang='lat' dir='ltr'>presentibus</span> <span class='ocrx_word' id='word_1_321' title='bbox 1280 1749 1343 1771; x_wconf 90' lang='lat' dir='ltr'>non</span> <span class='ocrx_word' id='word_1_322' title='bbox 1374 1749 1570 1783; x_wconf 84' lang='lat' dir='ltr'>expressam</span> <span class='ocrx_word' id='word_1_323' title='bbox 1600 1737 1652 1770; x_wconf 89' lang='lat' dir='ltr'>vel</span> <span class='ocrx_word' id='word_1_324' title='bbox 1678 1737 1820 1770; x_wconf 88' lang='lat' dir='ltr'>totaliter</span> <span class='ocrx_word' id='word_1_325' title='bbox 1838 1746 1904 1769; x_wconf 89' lang='lat' dir='ltr'>non</span> <span class='ocrx_word' id='word_1_326' title='bbox 1924 1739 2079 1769; x_wconf 87' lang='lat' dir='ltr'>insertam</span> 
     </span>
     <span class='ocr_line' id='line_1_29' title="bbox 246 1796 2079 1843; baseline 0 -14"><span class='ocrx_word' id='word_1_327' title='bbox 246 1796 384 1830; x_wconf 84' lang='lat' dir='ltr'>effectus</span> <span class='ocrx_word' id='word_1_328' title='bbox 413 1796 596 1831; x_wconf 88' lang='lat' dir='ltr'>huiusmodi</span> <span class='ocrx_word' id='word_1_329' title='bbox 624 1800 731 1841; x_wconf 82' lang='lat' dir='ltr'>gratie</span> <span class='ocrx_word' id='word_1_330' title='bbox 760 1797 909 1843; x_wconf 90' lang='lat' dir='ltr'>impediri</span> <span class='ocrx_word' id='word_1_331' title='bbox 938 1797 1048 1831; x_wconf 87' lang='lat' dir='ltr'>valeat</span> <span class='ocrx_word' id='word_1_332' title='bbox 1076 1798 1321 1843; x_wconf 89' lang='lat' dir='ltr'>quomodolibet</span> <span class='ocrx_word' id='word_1_333' title='bbox 1349 1799 1403 1832; x_wconf 88' lang='lat' dir='ltr'>vel</span> <span class='ocrx_word' id='word_1_334' title='bbox 1433 1798 1567 1841; x_wconf 88' lang='lat' dir='ltr'>differri,</span> <span class='ocrx_word' id='word_1_335' title='bbox 1605 1802 1636 1831; x_wconf 89' lang='lat' dir='ltr'>et</span> <span class='ocrx_word' id='word_1_336' title='bbox 1664 1797 1705 1831; x_wconf 90' lang='lat' dir='ltr'>de</span> <span class='ocrx_word' id='word_1_337' title='bbox 1733 1808 1796 1843; x_wconf 90' lang='lat' dir='ltr'>qua</span> <span class='ocrx_word' id='word_1_338' title='bbox 1824 1799 1983 1841; x_wconf 88' lang='lat' dir='ltr'>cuiusque</span> <span class='ocrx_word' id='word_1_339' title='bbox 2011 1800 2079 1830; x_wconf 90' lang='lat' dir='ltr'>toto</span> 
     </span>
     <span class='ocr_line' id='line_1_30' title="bbox 245 1856 2078 1905; baseline 0 -15"><span class='ocrx_word' id='word_1_340' title='bbox 245 1861 361 1891; x_wconf 89' lang='lat' dir='ltr'>tenore</span> <span class='ocrx_word' id='word_1_341' title='bbox 389 1856 537 1890; x_wconf 83' lang='lat' dir='ltr'>habenda</span> <span class='ocrx_word' id='word_1_342' title='bbox 567 1860 609 1891; x_wconf 89' lang='lat' dir='ltr'>sit</span> <span class='ocrx_word' id='word_1_343' title='bbox 638 1861 668 1891; x_wconf 89' lang='lat' dir='ltr'>in</span> <span class='ocrx_word' id='word_1_344' title='bbox 699 1861 820 1892; x_wconf 84' lang='lat' dir='ltr'>nostris</span> <span class='ocrx_word' id='word_1_345' title='bbox 848 1858 952 1892; x_wconf 90' lang='lat' dir='ltr'>literis</span> <span class='ocrx_word' id='word_1_346' title='bbox 980 1861 1101 1892; x_wconf 89' lang='lat' dir='ltr'>mentio</span> <span class='ocrx_word' id='word_1_347' title='bbox 1131 1860 1299 1905; x_wconf 87' lang='lat' dir='ltr'>specialis.</span> <span class='ocrx_word' id='word_1_348' title='bbox 1357 1859 1424 1892; x_wconf 88' lang='lat' dir='ltr'>Seu</span> <span class='ocrx_word' id='word_1_349' title='bbox 1461 1862 1487 1892; x_wconf 89' lang='lat' dir='ltr'>si</span> <span class='ocrx_word' id='word_1_350' title='bbox 1517 1858 1603 1892; x_wconf 90' lang='lat' dir='ltr'>dicte</span> <span class='ocrx_word' id='word_1_351' title='bbox 1631 1868 1776 1904; x_wconf 89' lang='lat' dir='ltr'>persone</span> <span class='ocrx_word' id='word_1_352' title='bbox 1810 1861 1985 1903; x_wconf 88' lang='lat' dir='ltr'>presentes</span> <span class='ocrx_word' id='word_1_353' title='bbox 2014 1868 2078 1890; x_wconf 89' lang='lat' dir='ltr'>non</span> 
     </span>
     <span class='ocr_line' id='line_1_31' title="bbox 245 1917 2078 1963; baseline -0.001 -12"><span class='ocrx_word' id='word_1_354' title='bbox 245 1917 366 1952; x_wconf 87' lang='lat' dir='ltr'>fuerint</span> <span class='ocrx_word' id='word_1_355' title='bbox 400 1917 439 1951; x_wconf 88' lang='lat' dir='ltr'>ad</span> <span class='ocrx_word' id='word_1_356' title='bbox 477 1917 689 1963; x_wconf 86' lang='lat' dir='ltr'>prestandum</span> <span class='ocrx_word' id='word_1_357' title='bbox 724 1918 764 1951; x_wconf 89' lang='lat' dir='ltr'>de</span> <span class='ocrx_word' id='word_1_358' title='bbox 800 1917 1022 1953; x_wconf 89' lang='lat' dir='ltr'>observandis</span> <span class='ocrx_word' id='word_1_359' title='bbox 1063 1921 1191 1953; x_wconf 89' lang='lat' dir='ltr'>statutis</span> <span class='ocrx_word' id='word_1_360' title='bbox 1230 1924 1262 1953; x_wconf 87' lang='lat' dir='ltr'>et</span> <span class='ocrx_word' id='word_1_361' title='bbox 1297 1918 1591 1953; x_wconf 86' lang='lat' dir='ltr'>consuetudinibus</span> <span class='ocrx_word' id='word_1_362' title='bbox 1634 1918 1852 1952; x_wconf 87' lang='lat' dir='ltr'>ecclesiarum</span> <span class='ocrx_word' id='word_1_363' title='bbox 1896 1917 2078 1951; x_wconf 88' lang='lat' dir='ltr'>huiusmodi</span> 
     </span>
     <span class='ocr_line' id='line_1_32' title="bbox 245 1978 2076 2026; baseline 0 -14"><span class='ocrx_word' id='word_1_364' title='bbox 245 1978 373 2012; x_wconf 90' lang='lat' dir='ltr'>solitum</span> <span class='ocrx_word' id='word_1_365' title='bbox 402 1981 619 2011; x_wconf 88' lang='lat' dir='ltr'>iuramentum</span> <span class='ocrx_word' id='word_1_366' title='bbox 649 1978 822 2012; x_wconf 91' lang='lat' dir='ltr'>dummodo</span> <span class='ocrx_word' id='word_1_367' title='bbox 851 1981 881 2012; x_wconf 93' lang='lat' dir='ltr'>in</span> <span class='ocrx_word' id='word_1_368' title='bbox 912 1978 1060 2013; x_wconf 86' lang='lat' dir='ltr'>absentia</span> <span class='ocrx_word' id='word_1_369' title='bbox 1089 1991 1148 2013; x_wconf 89' lang='lat' dir='ltr'>sua</span> <span class='ocrx_word' id='word_1_370' title='bbox 1177 1991 1237 2026; x_wconf 90' lang='lat' dir='ltr'>per</span> <span class='ocrx_word' id='word_1_371' title='bbox 1257 1984 1490 2025; x_wconf 87' lang='lat' dir='ltr'>procuratores</span> <span class='ocrx_word' id='word_1_372' title='bbox 1511 1979 1674 2025; x_wconf 74' lang='lat' dir='ltr'>ydoneos,</span> <span class='ocrx_word' id='word_1_373' title='bbox 1704 1983 1736 2012; x_wconf 92' lang='lat' dir='ltr'>et</span> <span class='ocrx_word' id='word_1_374' title='bbox 1759 1990 1832 2012; x_wconf 92' lang='lat' dir='ltr'>cum</span> <span class='ocrx_word' id='word_1_375' title='bbox 1854 1978 1892 2012; x_wconf 81' lang='lat' dir='ltr'>ad</span> <span class='ocrx_word' id='word_1_376' title='bbox 1914 1978 2076 2012; x_wconf 86' lang='lat' dir='ltr'>ecclesias</span> 
     </span>
     <span class='ocr_line' id='line_1_33' title="bbox 245 2039 2076 2086; baseline -0.001 -14"><span class='ocrx_word' id='word_1_377' title='bbox 245 2041 334 2085; x_wconf 90' lang='lat' dir='ltr'>ipsas</span> <span class='ocrx_word' id='word_1_378' title='bbox 362 2041 570 2073; x_wconf 85' lang='lat' dir='ltr'>accesserint</span> <span class='ocrx_word' id='word_1_379' title='bbox 599 2039 812 2084; x_wconf 88' lang='lat' dir='ltr'>corporaliter</span> <span class='ocrx_word' id='word_1_380' title='bbox 840 2039 915 2073; x_wconf 88' lang='lat' dir='ltr'>illud</span> <span class='ocrx_word' id='word_1_381' title='bbox 943 2044 1104 2086; x_wconf 79' lang='lat' dir='ltr'>prestent,</span> <span class='ocrx_word' id='word_1_382' title='bbox 1134 2045 1187 2074; x_wconf 88' lang='lat' dir='ltr'>aut</span> <span class='ocrx_word' id='word_1_383' title='bbox 1215 2043 1243 2074; x_wconf 91' lang='lat' dir='ltr'>si</span> <span class='ocrx_word' id='word_1_384' title='bbox 1263 2040 1376 2075; x_wconf 88' lang='lat' dir='ltr'>forsan</span> <span class='ocrx_word' id='word_1_385' title='bbox 1397 2040 1543 2086; x_wconf 89' lang='lat' dir='ltr'>quelibet</span> <span class='ocrx_word' id='word_1_386' title='bbox 1562 2039 1722 2074; x_wconf 89' lang='lat' dir='ltr'>dictarum</span> <span class='ocrx_word' id='word_1_387' title='bbox 1742 2050 1958 2085; x_wconf 90' lang='lat' dir='ltr'>personarum</span> <span class='ocrx_word' id='word_1_388' title='bbox 1978 2049 2076 2072; x_wconf 89' lang='lat' dir='ltr'>unum</span> 
     </span>
     <span class='ocr_line' id='line_1_34' title="bbox 244 2098 2074 2146; baseline -0.001 -13"><span class='ocrx_word' id='word_1_389' title='bbox 244 2100 307 2133; x_wconf 92' lang='lat' dir='ltr'>duo</span> <span class='ocrx_word' id='word_1_390' title='bbox 335 2099 389 2133; x_wconf 90' lang='lat' dir='ltr'>vel</span> <span class='ocrx_word' id='word_1_391' title='bbox 417 2101 478 2132; x_wconf 90' lang='lat' dir='ltr'>tria</span> <span class='ocrx_word' id='word_1_392' title='bbox 506 2098 668 2132; x_wconf 86' lang='lat' dir='ltr'>beneficia</span> <span class='ocrx_word' id='word_1_393' title='bbox 696 2100 924 2133; x_wconf 87' lang='lat' dir='ltr'>ecclesiastica</span> <span class='ocrx_word' id='word_1_394' title='bbox 953 2100 1123 2134; x_wconf 89' lang='lat' dir='ltr'>obtineant</span> <span class='ocrx_word' id='word_1_395' title='bbox 1151 2101 1204 2134; x_wconf 92' lang='lat' dir='ltr'>vel</span> <span class='ocrx_word' id='word_1_396' title='bbox 1225 2105 1415 2146; x_wconf 83' lang='lat' dir='ltr'>expectent,</span> <span class='ocrx_word' id='word_1_397' title='bbox 1445 2100 1645 2134; x_wconf 87' lang='lat' dir='ltr'>Discretioni</span> <span class='ocrx_word' id='word_1_398' title='bbox 1666 2104 1720 2133; x_wconf 90' lang='lat' dir='ltr'>tue</span> <span class='ocrx_word' id='word_1_399' title='bbox 1739 2099 1868 2145; x_wconf 86' lang='lat' dir='ltr'>plenam</span> <span class='ocrx_word' id='word_1_400' title='bbox 1891 2103 1922 2132; x_wconf 90' lang='lat' dir='ltr'>et</span> <span class='ocrx_word' id='word_1_401' title='bbox 1941 2098 2074 2132; x_wconf 88' lang='lat' dir='ltr'>liberam</span> 
     </span>
     <span class='ocr_line' id='line_1_35' title="bbox 242 2159 2073 2206; baseline -0.001 -13"><span class='ocrx_word' id='word_1_402' title='bbox 242 2159 454 2194; x_wconf 85' lang='lat' dir='ltr'>concedimus</span> <span class='ocrx_word' id='word_1_403' title='bbox 492 2164 607 2193; x_wconf 89' lang='lat' dir='ltr'>tenore</span> <span class='ocrx_word' id='word_1_404' title='bbox 643 2163 846 2206; x_wconf 84' lang='lat' dir='ltr'>presentium</span> <span class='ocrx_word' id='word_1_405' title='bbox 878 2161 1077 2195; x_wconf 86' lang='lat' dir='ltr'>facultatem.</span> <span class='ocrx_word' id='word_1_406' title='bbox 1115 2160 1184 2195; x_wconf 89' lang='lat' dir='ltr'>Nos</span> <span class='ocrx_word' id='word_1_407' title='bbox 1219 2164 1304 2195; x_wconf 93' lang='lat' dir='ltr'>enim</span> <span class='ocrx_word' id='word_1_408' title='bbox 1342 2163 1466 2194; x_wconf 90' lang='lat' dir='ltr'>irritum</span> <span class='ocrx_word' id='word_1_409' title='bbox 1501 2160 1708 2194; x_wconf 87' lang='lat' dir='ltr'>deceruimus</span> <span class='ocrx_word' id='word_1_410' title='bbox 1737 2164 1768 2193; x_wconf 89' lang='lat' dir='ltr'>et</span> <span class='ocrx_word' id='word_1_411' title='bbox 1797 2162 1894 2193; x_wconf 89' lang='lat' dir='ltr'>inane</span> <span class='ocrx_word' id='word_1_412' title='bbox 1922 2163 1948 2193; x_wconf 87' lang='lat' dir='ltr'>si</span> <span class='ocrx_word' id='word_1_413' title='bbox 1977 2170 2073 2193; x_wconf 87' lang='lat' dir='ltr'>secus</span> 
     </span>
    </p>
   </div>
   <div class='ocr_carea' id='block_1_2' title="bbox 241 2220 2072 2315">
    <p class='ocr_par' dir='ltr' id='par_1_2' title="bbox 241 2220 2072 2315">
     <span class='ocr_line' id='line_1_36' title="bbox 241 2220 2072 2266; baseline -0.002 -11"><span class='ocrx_word' id='word_1_414' title='bbox 241 2232 343 2266; x_wconf 87' lang='lat' dir='ltr'>super</span> <span class='ocrx_word' id='word_1_415' title='bbox 370 2220 430 2254; x_wconf 87' lang='lat' dir='ltr'>hiis</span> <span class='ocrx_word' id='word_1_416' title='bbox 459 2232 475 2254; x_wconf 93' lang='lat' dir='ltr'>a</span> <span class='ocrx_word' id='word_1_417' title='bbox 505 2232 666 2266; x_wconf 87' lang='lat' dir='ltr'>quoquam</span> <span class='ocrx_word' id='word_1_418' title='bbox 696 2223 813 2266; x_wconf 87' lang='lat' dir='ltr'>quavis</span> <span class='ocrx_word' id='word_1_419' title='bbox 841 2224 1035 2255; x_wconf 89' lang='lat' dir='ltr'>auctoritate</span> <span class='ocrx_word' id='word_1_420' title='bbox 1064 2224 1209 2255; x_wconf 87' lang='lat' dir='ltr'>scienter</span> <span class='ocrx_word' id='word_1_421' title='bbox 1236 2222 1290 2255; x_wconf 88' lang='lat' dir='ltr'>vel</span> <span class='ocrx_word' id='word_1_422' title='bbox 1318 2224 1512 2266; x_wconf 80' lang='lat' dir='ltr'>ignoranter</span> <span class='ocrx_word' id='word_1_423' title='bbox 1531 2223 1709 2265; x_wconf 84' lang='lat' dir='ltr'>contigerit</span> <span class='ocrx_word' id='word_1_424' title='bbox 1729 2223 1925 2266; x_wconf 86' lang='lat' dir='ltr'>attemptari.</span> <span class='ocrx_word' id='word_1_425' title='bbox 1955 2220 2072 2253; x_wconf 90' lang='lat' dir='ltr'>Datum</span> 
     </span>
     <span class='ocr_line' id='line_1_37' title="bbox 242 2280 1062 2315; baseline 0 0"><span class='ocrx_word' id='word_1_426' title='bbox 242 2282 410 2315; x_wconf 86' lang='lat' dir='ltr'>Avinione</span> <span class='ocrx_word' id='word_1_427' title='bbox 438 2280 517 2315; x_wconf 88' lang='lat' dir='ltr'>VIII</span> <span class='ocrx_word' id='word_1_428' title='bbox 546 2280 616 2315; x_wconf 81' lang='lat' dir='ltr'>Kal.</span> <span class='ocrx_word' id='word_1_429' title='bbox 647 2280 754 2314; x_wconf 86' lang='lat' dir='ltr'>Martii</span> <span class='ocrx_word' id='word_1_430' title='bbox 784 2280 883 2314; x_wconf 88' lang='lat' dir='ltr'>Anno</span> <span class='ocrx_word' id='word_1_431' title='bbox 912 2281 1062 2315; x_wconf 87' lang='lat' dir='ltr'>Decimo.</span> 
     </span>
    </p>
   </div>
   <div class='ocr_carea' id='block_1_3' title="bbox 547 2369 2071 2461">
    <p class='ocr_par' dir='ltr' id='par_1_3' title="bbox 547 2369 2071 2461">
     <span class='ocr_line' id='line_1_38' title="bbox 547 2369 2071 2410; baseline -0.001 -13"><span class='ocrx_word' id='word_1_432' title='bbox 547 2369 621 2410; x_wconf 80' lang='lat' dir='ltr'>(Aus</span> <span class='ocrx_word' id='word_1_433' title='bbox 645 2373 699 2397; x_wconf 86' lang='lat' dir='ltr'>den</span> <span class='ocrx_word' id='word_1_434' title='bbox 731 2371 809 2406; x_wconf 84' lang='lat' dir='ltr'>Orig.</span> <span class='ocrx_word' id='word_1_435' title='bbox 834 2372 979 2406; x_wconf 82' lang='lat' dir='ltr'>Regesten</span> <span class='ocrx_word' id='word_1_436' title='bbox 1008 2372 1140 2398; x_wconf 82' lang='lat' dir='ltr'>Clemens</span> <span class='ocrx_word' id='word_1_437' title='bbox 1163 2373 1224 2409; x_wconf 61' lang='lat' dir='ltr'>VI„</span> <span class='ocrx_word' id='word_1_438' title='bbox 1255 2373 1288 2400; x_wconf 84' lang='lat' dir='ltr'>B.</span> <span class='ocrx_word' id='word_1_439' title='bbox 1314 2373 1369 2408; x_wconf 59' lang='lat' dir='ltr'>Ill„</span> <span class='ocrx_word' id='word_1_440' title='bbox 1401 2373 1455 2401; x_wconf 81' lang='lat' dir='ltr'>Th.</span> <span class='ocrx_word' id='word_1_441' title='bbox 1480 2373 1527 2406; x_wconf 59' lang='lat'>11„</span> <span class='ocrx_word' id='word_1_442' title='bbox 1558 2373 1640 2406; x_wconf 77' lang='lat' dir='ltr'>epist..</span> <span class='ocrx_word' id='word_1_443' title='bbox 1665 2373 1737 2407; x_wconf 80' lang='lat'>466,</span> <span class='ocrx_word' id='word_1_444' title='bbox 1767 2381 1794 2406; x_wconf 90' lang='lat' dir='ltr'>p.</span> <span class='ocrx_word' id='word_1_445' title='bbox 1824 2373 1899 2401; x_wconf 76' lang='lat'>104;</span> <span class='ocrx_word' id='word_1_446' title='bbox 1930 2370 2071 2397; x_wconf 75' lang='lat' dir='ltr'>vidimirte</span> 
     </span>
     <span class='ocr_line' id='line_1_39' title="bbox 647 2424 1197 2461; baseline 0 -11"><span class='ocrx_word' id='word_1_447' title='bbox 647 2424 795 2450; x_wconf 84' lang='lat' dir='ltr'>Abschrift</span> <span class='ocrx_word' id='word_1_448' title='bbox 818 2424 855 2450; x_wconf 85' lang='lat' dir='ltr'>im</span> <span class='ocrx_word' id='word_1_449' title='bbox 880 2433 915 2452; x_wconf 83' lang='lat' dir='ltr'>m.</span> <span class='ocrx_word' id='word_1_450' title='bbox 940 2424 1197 2461; x_wconf 83' lang='lat' dir='ltr'>Landesarchive.)</span> 
     </span>
    </p>
   </div>
   <div class='ocr_carea' id='block_1_4' title="bbox 1871 2577 1926 2603">
    <p class='ocr_par' dir='ltr' id='par_1_4' title="bbox 1871 2577 1926 2603">
     <span class='ocr_line' id='line_1_40' title="bbox 1871 2577 1926 2603; baseline 0 0"><span class='ocrx_word' id='word_1_451' title='bbox 1871 2577 1926 2603; x_wconf 57' lang='lat'>14*</span> 
     </span>
    </p>
   </div>
  </div>
 </body>
</html>
