2206 2735
1044 37 1112 71 12⁶

160 165 246 188 ιιιιιιιι
277 158 468 188 vacaverint
499 156 531 186 et
561 157 679 186 vacent
718 152 757 185 ad
796 161 945 197 presens.
981 151 1057 184 licet
1093 150 1230 184 dilectus
1265 150 1348 184 lilius
1392 150 1558 185 Swiertzo
1594 151 1635 185 de
1669 150 1797 184 zdamtz
1832 154 1922 198 ipsos
1957 151 1999 185 de

160 215 249 248 l'aeto
278 226 336 260 per
365 214 535 247 Biennium
564 217 598 246 et
626 212 706 246 ultra
736 213 921 246 detinuerit.
951 214 1047 257 prout
1074 210 1181 244 adbuc
1209 210 1333 243 detinet
1360 215 1555 257 occupatos,
1594 211 1769 256 nullusque
1797 215 1909 257 preter
1936 221 1998 246 uos

161 275 221 308 bae
251 278 325 308 vice
353 273 394 307 de
422 273 516 307 dictis
546 272 750 307 Ganonieatu
779 277 810 305 et
840 271 1005 317 prebenda
1035 271 1212 316 disponere
1241 273 1360 317 possit,
1398 274 1628 306 reservatione
1665 276 1698 305 et
1733 271 1867 305 decreto
1901 271 1998 307 obsi—

160 334 319 368 stentibus
348 333 554 380 supradictis.
586 333 654 367 Nos
684 334 836 367 volentes
865 331 919 366 tibi
949 334 1188 378 premissorum
1217 333 1406 365 meritorum
1436 336 1561 366 tuorum
1591 335 1704 366 iutuitu
1723 335 1864 377 gratiam
1884 332 1999 366 facere

160 395 351 440 specialem.
381 394 547 440 predictos
577 395 812 427 t‘anomcannn
843 398 873 426 et
903 392 1103 438 prebendam
1132 395 1179 426 sic
1208 396 1368 425 vacantes
1397 402 1470 425 cum
1500 393 1700 438 plenitudine
1738 395 1817 427 iuris
1845 395 1998 428 canonici

161 467 199 487 ae
228 454 379 488 omuibus
409 455 531 488 iuribus
560 459 589 487 et
620 457 824 499 pertinentiis
853 457 921 486 suis
950 453 1130 498 apostoliea
1159 452 1213 485 tibi
1243 454 1439 486 auctoritate
1467 452 1669 488 conferimus
1698 458 1730 488 et
1752 454 1792 488 de
1812 454 1873 489 illis
1900 455 1998 487 etiam

162 515 384 560 providemus.
416 515 644 548 Decernentes
675 519 769 559 prout
798 519 847 547 est
877 517 1001 547 irritum
1031 518 1064 546 et
1092 516 1190 546 inane
1218 516 1243 547 si
1272 523 1370 547 secus
1408 523 1509 559 super
1545 512 1606 548 biis
1635 525 1652 547 a
1681 526 1845 561 quoquam
1880 516 1999 560 quavis

160 579 354 609 :metoritatc
383 579 529 609 scienter
558 576 609 608 vel
640 578 831 619 immi-anter
859 578 1084 618 attemptatum
1114 573 1226 607 forsan
1254 578 1306 607 est
1333 573 1494 607 hactenus
1518 574 1571 608 vel
1591 577 1802 620 imposterum
1823 576 2000 619 contigerit

161 640 355 682 attemptari.
389 635 459 669 Non
489 635 692 669 obstantibus
720 635 979 680 ‹piibuseumquc
1002 636 1132 668 statutis
1160 638 1193 667 et
1219 633 1513 668 consuctudinilms
1549 637 1651 681 ipsius
1685 636 1831 670 ecclesie
1858 639 2000 669 contra-

161 700 217 731 riis
247 699 428 730 iuramento
457 696 708 730 continuatione
736 695 916 741 apostolica
946 695 999 728 vel
1029 705 1234 740 quacumque
1262 694 1412 728 lirinitate
1440 696 1503 729 alia
1531 694 1706 730 roboratis.
1749 696 1818 730 Aut
1844 698 1871 730 si
1899 695 1999 741 aliqui

162 758 342 803 apostoliea
372 758 425 791 vel
455 757 517 790 alia
547 759 665 802 quavis
694 759 889 790 auctoritate
917 759 947 789 in
977 756 1093 789 eadem
1122 755 1265 789 ecclesia
1294 757 1325 789 in
1355 754 1542 790 Canonicos
1566 759 1630 790 sint
1656 759 1782 802 recepti
1810 756 1865 791 vel
1884 761 1919 790 ut
1938 767 1999 790 re-

160 821 322 864 cipiantur
351 820 513 852 insistant.
544 817 611 851 Seu
650 820 676 851 si
714 828 813 863 super
850 815 1094 863 provisionibus
1122 815 1183 850 sibi
1213 815 1375 850 faciendis
1403 816 1445 850 de
1469 816 1717 851 canonicatibus
1752 821 1785 850 ct
1821 816 2000 863 prebendis

162 890 192 912 ιιι
222 878 336 912 eadem
366 878 510 912 ecelesia
540 878 705 924 speciales
737 878 788 912 vel
817 878 858 910 de
888 876 1063 911 Beneficiis
1092 877 1332 911 ecclesiasticis
1361 879 1393 910 in
1422 877 1484 911 illis
1521 876 1668 923 partibus
1701 877 1880 922 generales
1915 876 2000 910 dicte

162 939 250 973 sedis
280 938 332 971 vel
362 938 544 982 legatorum
573 940 644 971 eius
672 938 798 971 litteras
828 940 1030 983 impetrarint
1056 939 1184 971 etiamsi
1212 947 1272 982 per
1300 947 1358 970 cas
1386 936 1427 970 ad
1455 936 1702 981 inhibitionem,
1738 940 1999 972 reservationem

162 1004 193 1033 et
222 999 389 1032 decretum
418 999 472 1032 vel
500 998 581 1032 alias
609 998 852 1044 quomodolibet
880 1001 922 1032 sit
949 1008 1155 1044 processum,
1184 996 1300 1042 quibus
1329 996 1479 1032 omnibus
1507 1000 1538 1031 in
1567 1001 1780 1033 assecutione
1808 997 2001 1032 eanonica-

163 1066 212 1093 tus
240 1063 270 1092 et
301 1058 468 1104 prebende
496 1058 718 1104 predictorum
748 1063 780 1092 te
808 1059 960 1093 volumus
989 1058 1163 1100 anteferri,
1198 1057 1257 1092 sed
1285 1057 1408 1091 nullum
1437 1068 1497 1104 per
1524 1057 1588 1092 boc
1616 1061 1666 1094 eis
1694 1069 1759 1104 quo
1787 1058 1828 1093 ad
1856 1069 2001 1094 assecu-

162 1123 282 1153 tionem
313 1119 572 1153 Canonieatuum
601 1123 633 1152 et
661 1118 900 1164 prebendarum
929 1129 968 1152 ac
995 1118 1232 1152 beneficiorum
1260 1118 1396 1152 aliorum
1425 1117 1640 1164 preiudicium
1669 1122 1836 1164 generari.
1876 1119 1945 1154 Aut
1971 1120 2001 1153 si

162 1179 343 1214 venerabili
374 1179 466 1213 fratri
496 1184 608 1213 nostro
638 1207 644 1213 .
676 1207 683 1213 .
714 1178 882 1226 Episcopo
911 1184 943 1213 et
970 1179 1099 1214 dilectis
1127 1178 1201 1213 filiis
1229 1177 1381 1225 Capitulo
1409 1177 1603 1213 Olomucen.
1639 1180 1693 1214 vel
1721 1179 1894 1225 quibusvis
1929 1179 2001 1214 aliis

162 1243 379 1275 communiter
408 1241 461 1274 vel
489 1240 618 1275 divisim
647 1252 664 1274 a
694 1240 780 1274 dieta
808 1240 890 1274 sede
918 1240 1074 1274 indultum
1101 1242 1234 1283 existat,
1264 1238 1350 1286 quod
1379 1238 1419 1273 ad
1447 1243 1672 1286 receptionem
1701 1241 1755 1276 vel
1774 1242 2001 1287 provisionem

163 1302 300 1335 alicuius
328 1303 459 1334 minime
488 1305 660 1334 teneantur
688 1305 720 1334 et
748 1301 787 1334 ad
817 1300 847 1334 id
876 1300 1029 1347 compelli
1056 1311 1121 1334 non
1149 1303 1288 1346 possint,
1317 1300 1469 1346 quodque
1498 1300 1539 1334 de
1567 1300 1823 1335 Canonicatibus
1851 1306 1884 1336 et
1918 1311 2002 1348 pre·-

163 1361 278 1396 bendis
307 1364 410 1407 ipsius
439 1361 581 1395 ecclesie
619 1361 672 1395 vel
709 1361 780 1395 aliis
819 1360 989 1395 beneficiis
1026 1361 1264 1396 ecelesiasticis
1301 1361 1340 1395 ad
1379 1372 1492 1395 eorum
1530 1362 1738 1396 collationem
1774 1364 2001 1408 provisionem

161 1425 439 1468 presentationem
469 1433 530 1455 seu
560 1424 710 1467 quamvis
739 1423 835 1455 aliam
863 1421 1112 1467 dispositionem
1141 1424 1340 1456 coniunctim
1370 1422 1422 1456 vel
1458 1425 1636 1469 separatim
1671 1422 1896 1469 spectantibus
1924 1422 2002 1456 nulli

165 1484 271 1516 valeat
301 1482 469 1528 provideri
498 1494 558 1528 per
586 1483 714 1516 litteras
743 1482 947 1528 apostolicas
976 1493 1041 1516 non
1070 1482 1232 1516 facientes
1260 1483 1390 1528 plenam
1418 1488 1451 1517 et
1479 1494 1672 1529 expressam
1702 1495 1740 1518 ac
1768 1483 1808 1517 de
1836 1482 1940 1517 verbo
1960 1482 2001 1516 ad

163 1542 299 1577 verbum
329 1542 370 1576 de
399 1542 522 1576 indulto
552 1542 735 1576 huiusmodi
774 1545 987 1583 mentionem,
1022 1547 1054 1576 et
1088 1543 1232 1588 qualibet
1267 1543 1329 1577 alia
1368 1543 1454 1577 dicte
1489 1544 1577 1578 sedis
1614 1544 1815 1589 indulgentia
1851 1542 2002 1589 generali

164 1604 218 1637 vel
246 1603 383 1649 speciali
412 1606 646 1648 cuiuscumque
676 1605 800 1637 tenoris
829 1605 950 1637 existat
978 1614 1037 1649 per
1064 1614 1160 1649 quam
1190 1604 1399 1650 presentibus
1434 1616 1498 1639 non
1537 1616 1732 1651 expressam
1769 1605 1825 1640 vel
1861 1604 2003 1638 totaliter

164 1675 228 1698 non
258 1667 413 1697 insertam
443 1664 579 1697 effectus
608 1663 792 1698 huiusmodi
821 1668 932 1697 nostre
960 1667 1067 1708 gratie
1095 1664 1242 1710 impediri
1281 1665 1389 1698 valeat
1425 1666 1671 1711 quomodolibet
1706 1666 1760 1700 vel
1793 1665 1934 1704 differri,
1969 1667 2003 1697 et

165 1725 205 1758 de
233 1735 296 1769 qua
324 1727 483 1770 cuiusque
512 1729 579 1758 toto
608 1729 724 1758 tenore
752 1723 903 1758 habenda
933 1728 974 1758 sit
1002 1728 1034 1758 in
1062 1728 1184 1759 nostris
1213 1725 1327 1759 litteris
1355 1729 1476 1759 mentio
1505 1727 1669 1772 specialis.
1709 1726 1776 1760 Seu
1806 1729 1833 1760 si
1861 1735 2002 1771 presens

166 1795 232 1818 non
260 1784 362 1817 fueris
391 1784 428 1817 ad
459 1784 669 1829 prestandum
700 1784 740 1817 ‹le
768 1784 988 1818 observandis
1017 1788 1145 1819 statutis
1174 1790 1206 1819 et
1234 1786 1526 1820 consuetiulinilnis
1555 1790 1659 1833 ipsius
1694 1787 1840 1820 ecclesie
1874 1786 2002 1820 solitum

166 1849 382 1879 iuramentum
412 1845 586 1878 dummodo
614 1847 646 1878 in
675 1844 822 1878 absentia
852 1849 906 1878 tua
936 1856 995 1892 per
1023 1849 1271 1891 procuratorem
1300 1846 1466 1892 ydoneum
1495 1851 1620 1881 etcum
1641 1846 1680 1881 ad
1701 1847 1878 1880 ecclesiam
1899 1849 2004 1892 ipsam

167 1908 355 1940 accesseris
383 1906 601 1950 corporaliter
628 1905 704 1940 illud
732 1910 874 1951 prestes.
906 1906 972 1940 Seu
1002 1906 1086 1952 quod
1114 1905 1336 1952 parochialem
1366 1907 1544 1941 ecclesiam
1575 1910 1605 1941 in
1631 1907 1779 1951 Sluogitz
1808 1906 2002 1940 Olomucen.

167 1966 313 1999 diocesis
340 1970 491 2000 nosceris
520 1966 681 2000 obtinere.
712 1965 796 2000 Nulli
825 1977 908 2011 crgo
936 1971 999 2000 etc.
1030 1971 1144 2001 nostre
1172 1966 1358 2001 collationis
1386 1971 1588 2013 provisionis
1618 1969 1857 2002 constitutionis
1877 1972 1910 2001 et
1938 1977 2005 2001 vo—

168 2027 300 2060 luntatis
329 2026 512 2068 infringere
541 2031 604 2059 etc.
635 2026 752 2060 Datum
781 2026 950 2060 Avinione
978 2026 1007 2061 [Ι
1036 2027 1149 2062 Nonas
1175 2026 1257 2062 Jntn
1286 2039 1373 2061 anno
1401 2028 1587 2063 undecimo.

476 2118 550 2144 {Aue
575 2118 628 2143 ‘len
654 2119 734 2153 Orig.
760 2119 905 2152 Regesteu
931 2118 1061 2144 Clemens
1086 2119 1140 2150 Vl.‚
1175 2120 1206 2146 B.
1232 2120 1266 2151 tl,
1298 2120 1381 2154 epist.
1408 2120 1457 2155 24,
1488 2129 1515 2154 p.
1541 2121 1599 2157 83;
1630 2119 1773 2147 vidimirte
1797 2119 1946 2146 Abschrift
1968 2120 2006 2146 im

582 2171 668 2197 ιιιὲᾓιτ.
704 2170 962 2204 Landesarchive)
