<?xml version="1.0" encoding="UTF-8"?>
<!DOCTYPE html PUBLIC "-//W3C//DTD XHTML 1.0 Transitional//EN"
    "http://www.w3.org/TR/xhtml1/DTD/xhtml1-transitional.dtd">
<html xmlns="http://www.w3.org/1999/xhtml" xml:lang="en" lang="en">
 <head>
  <title>
</title>
<meta http-equiv="Content-Type" content="text/html;charset=utf-8" />
  <meta name='ocr-system' content='tesseract 3.04.00' />
  <meta name='ocr-capabilities' content='ocr_page ocr_carea ocr_par ocr_line ocrx_word'/>
</head>
<body>
  <div class='ocr_page' id='page_1' title='image "./codexdiplomaticu08morauoft_0201.png"; bbox 0 0 2206 2735; ppageno 0'>
   <div class='ocr_carea' id='block_1_1' title="bbox 230 54 2076 881">
    <p class='ocr_par' dir='ltr' id='par_1_1' title="bbox 230 54 2076 881">
     <span class='ocr_line' id='line_1_1' title="bbox 1119 54 1186 88; baseline 0.015 -1"><span class='ocrx_word' id='word_1_1' title='bbox 1119 54 1186 88; x_wconf 90' lang='grc'>171</span> 
     </span>
     <span class='ocr_line' id='line_1_2' title="bbox 231 165 2075 213; baseline -0.002 -11"><span class='ocrx_word' id='word_1_2' title='bbox 231 172 343 203; x_wconf 85' lang='lat' dir='ltr'>nostra</span> <span class='ocrx_word' id='word_1_3' title='bbox 371 173 516 202; x_wconf 81' lang='lat' dir='ltr'>castrum</span> <span class='ocrx_word' id='word_1_4' title='bbox 544 168 762 213; x_wconf 78' lang='lat' dir='ltr'>Hohensteyn</span> <span class='ocrx_word' id='word_1_5' title='bbox 791 179 864 201; x_wconf 91' lang='lat' dir='ltr'>cum</span> <span class='ocrx_word' id='word_1_6' title='bbox 895 167 1046 202; x_wconf 90' lang='lat' dir='ltr'>omnibus</span> <span class='ocrx_word' id='word_1_7' title='bbox 1072 167 1201 212; x_wconf 89' lang='lat' dir='ltr'>juribus</span> <span class='ocrx_word' id='word_1_8' title='bbox 1236 171 1268 201; x_wconf 89' lang='lat' dir='ltr'>et</span> <span class='ocrx_word' id='word_1_9' title='bbox 1301 168 1517 212; x_wconf 72' lang='lat' dir='ltr'>pertinenciis</span> <span class='ocrx_word' id='word_1_10' title='bbox 1554 169 1622 201; x_wconf 89' lang='lat' dir='ltr'>suis</span> <span class='ocrx_word' id='word_1_11' title='bbox 1661 169 1827 200; x_wconf 81' lang='lat' dir='ltr'>universis</span> <span class='ocrx_word' id='word_1_12' title='bbox 1862 168 1893 199; x_wconf 91' lang='lat' dir='ltr'>in</span> <span class='ocrx_word' id='word_1_13' title='bbox 1931 165 2075 212; x_wconf 90' lang='lat' dir='ltr'>quibus-</span> 
     </span>
     <span class='ocr_line' id='line_1_3' title="bbox 231 226 2076 274; baseline -0.002 -11"><span class='ocrx_word' id='word_1_14' title='bbox 231 239 361 274; x_wconf 89' lang='lat' dir='ltr'>cunque</span> <span class='ocrx_word' id='word_1_15' title='bbox 388 229 471 263; x_wconf 90' lang='lat' dir='ltr'>locis</span> <span class='ocrx_word' id='word_1_16' title='bbox 500 232 647 263; x_wconf 80' lang='lat' dir='ltr'>existant</span> <span class='ocrx_word' id='word_1_17' title='bbox 675 238 734 262; x_wconf 92' lang='lat' dir='ltr'>seu</span> <span class='ocrx_word' id='word_1_18' title='bbox 763 228 1014 274; x_wconf 86' lang='lat' dir='ltr'>quibuscunque</span> <span class='ocrx_word' id='word_1_19' title='bbox 1043 227 1230 262; x_wconf 89' lang='lat' dir='ltr'>nominibus</span> <span class='ocrx_word' id='word_1_20' title='bbox 1259 231 1474 272; x_wconf 84' lang='lat' dir='ltr'>censeantur,</span> <span class='ocrx_word' id='word_1_21' title='bbox 1504 229 1714 272; x_wconf 82' lang='lat' dir='ltr'>suscepimus</span> <span class='ocrx_word' id='word_1_22' title='bbox 1744 230 1774 260; x_wconf 93' lang='lat' dir='ltr'>in</span> <span class='ocrx_word' id='word_1_23' title='bbox 1805 226 1938 260; x_wconf 87' lang='lat' dir='ltr'>feudum</span> <span class='ocrx_word' id='word_1_24' title='bbox 1969 237 1986 259; x_wconf 91' lang='lat' dir='ltr'>a</span> <span class='ocrx_word' id='word_1_25' title='bbox 2016 237 2076 260; x_wconf 84' lang='lat' dir='ltr'>se·-</span> 
     </span>
     <span class='ocr_line' id='line_1_4' title="bbox 231 286 2076 336; baseline -0.002 -12"><span class='ocrx_word' id='word_1_26' title='bbox 231 293 405 325; x_wconf 92' lang='lat' dir='ltr'>renissimo</span> <span class='ocrx_word' id='word_1_27' title='bbox 433 290 587 336; x_wconf 86' lang='lat' dir='ltr'>Principe</span> <span class='ocrx_word' id='word_1_28' title='bbox 615 292 648 323; x_wconf 88' lang='lat' dir='ltr'>et</span> <span class='ocrx_word' id='word_1_29' title='bbox 676 288 829 332; x_wconf 92' lang='lat' dir='ltr'>Domino,</span> <span class='ocrx_word' id='word_1_30' title='bbox 860 289 1002 323; x_wconf 92' lang='lat' dir='ltr'>Domino</span> <span class='ocrx_word' id='word_1_31' title='bbox 1029 288 1153 322; x_wconf 90' lang='lat' dir='ltr'>Karolo</span> <span class='ocrx_word' id='word_1_32' title='bbox 1182 288 1408 322; x_wconf 88' lang='lat' dir='ltr'>Romanorum</span> <span class='ocrx_word' id='word_1_33' title='bbox 1430 287 1526 331; x_wconf 84' lang='lat' dir='ltr'>Rege</span> <span class='ocrx_word' id='word_1_34' title='bbox 1556 297 1690 333; x_wconf 82' lang='lat' dir='ltr'>semper</span> <span class='ocrx_word' id='word_1_35' title='bbox 1719 291 1858 331; x_wconf 88' lang='lat' dir='ltr'>augusto</span> <span class='ocrx_word' id='word_1_36' title='bbox 1887 291 1920 320; x_wconf 90' lang='lat' dir='ltr'>et</span> <span class='ocrx_word' id='word_1_37' title='bbox 1939 286 2076 320; x_wconf 90' lang='lat' dir='ltr'>Boemie</span> 
     </span>
     <span class='ocr_line' id='line_1_5' title="bbox 230 346 2075 397; baseline -0.001 -13"><span class='ocrx_word' id='word_1_38' title='bbox 230 350 338 395; x_wconf 88' lang='lat' dir='ltr'>Rege,</span> <span class='ocrx_word' id='word_1_39' title='bbox 367 353 596 397; x_wconf 80' lang='lat' dir='ltr'>promittentes</span> <span class='ocrx_word' id='word_1_40' title='bbox 624 351 656 383; x_wconf 91' lang='lat' dir='ltr'>in</span> <span class='ocrx_word' id='word_1_41' title='bbox 685 348 735 384; x_wconf 91' lang='lat' dir='ltr'>his</span> <span class='ocrx_word' id='word_1_42' title='bbox 766 352 899 396; x_wconf 89' lang='lat' dir='ltr'>scriptis</span> <span class='ocrx_word' id='word_1_43' title='bbox 928 348 1015 383; x_wconf 89' lang='lat' dir='ltr'>bona</span> <span class='ocrx_word' id='word_1_44' title='bbox 1043 348 1107 382; x_wconf 84' lang='lat' dir='ltr'>fide</span> <span class='ocrx_word' id='word_1_45' title='bbox 1136 348 1257 382; x_wconf 91' lang='lat' dir='ltr'>dictum</span> <span class='ocrx_word' id='word_1_46' title='bbox 1286 352 1429 382; x_wconf 79' lang='lat' dir='ltr'>castrum</span> <span class='ocrx_word' id='word_1_47' title='bbox 1450 347 1661 393; x_wconf 79' lang='lat' dir='ltr'>hohenstayn</span> <span class='ocrx_word' id='word_1_48' title='bbox 1683 358 1755 381; x_wconf 92' lang='lat' dir='ltr'>cum</span> <span class='ocrx_word' id='word_1_49' title='bbox 1777 347 1928 381; x_wconf 90' lang='lat' dir='ltr'>omnibus</span> <span class='ocrx_word' id='word_1_50' title='bbox 1943 346 2075 392; x_wconf 88' lang='lat' dir='ltr'>juribus</span> 
     </span>
     <span class='ocr_line' id='line_1_6' title="bbox 233 408 2075 457; baseline -0.001 -13"><span class='ocrx_word' id='word_1_51' title='bbox 233 415 264 444; x_wconf 88' lang='lat' dir='ltr'>et</span> <span class='ocrx_word' id='word_1_52' title='bbox 291 413 505 457; x_wconf 86' lang='lat' dir='ltr'>pertinenciis</span> <span class='ocrx_word' id='word_1_53' title='bbox 534 412 604 444; x_wconf 88' lang='lat' dir='ltr'>suis</span> <span class='ocrx_word' id='word_1_54' title='bbox 641 409 838 456; x_wconf 89' lang='lat' dir='ltr'>supradictis</span> <span class='ocrx_word' id='word_1_55' title='bbox 875 420 893 443; x_wconf 91' lang='lat' dir='ltr'>a</span> <span class='ocrx_word' id='word_1_56' title='bbox 931 409 1019 443; x_wconf 88' lang='lat' dir='ltr'>dicto</span> <span class='ocrx_word' id='word_1_57' title='bbox 1052 408 1195 443; x_wconf 92' lang='lat' dir='ltr'>Domino</span> <span class='ocrx_word' id='word_1_58' title='bbox 1227 408 1326 454; x_wconf 83' lang='lat' dir='ltr'>Rege</span> <span class='ocrx_word' id='word_1_59' title='bbox 1361 413 1392 442; x_wconf 88' lang='lat' dir='ltr'>et</span> <span class='ocrx_word' id='word_1_60' title='bbox 1431 408 1559 442; x_wconf 88' lang='lat' dir='ltr'>Corona</span> <span class='ocrx_word' id='word_1_61' title='bbox 1593 410 1688 452; x_wconf 88' lang='lat' dir='ltr'>regni</span> <span class='ocrx_word' id='word_1_62' title='bbox 1724 408 1859 441; x_wconf 90' lang='lat' dir='ltr'>Boemie</span> <span class='ocrx_word' id='word_1_63' title='bbox 1894 412 2009 441; x_wconf 88' lang='lat' dir='ltr'>tenere</span> <span class='ocrx_word' id='word_1_64' title='bbox 2043 412 2075 442; x_wconf 92' lang='lat' dir='ltr'>et</span> 
     </span>
     <span class='ocr_line' id='line_1_7' title="bbox 231 468 2075 518; baseline -0.002 -13"><span class='ocrx_word' id='word_1_65' title='bbox 231 471 406 518; x_wconf 91' lang='lat' dir='ltr'>possidere</span> <span class='ocrx_word' id='word_1_66' title='bbox 433 472 600 517; x_wconf 90' lang='lat' dir='ltr'>perpetuis</span> <span class='ocrx_word' id='word_1_67' title='bbox 628 473 659 504; x_wconf 91' lang='lat' dir='ltr'>in</span> <span class='ocrx_word' id='word_1_68' title='bbox 690 469 822 504; x_wconf 88' lang='lat' dir='ltr'>feudum</span> <span class='ocrx_word' id='word_1_69' title='bbox 851 469 1054 516; x_wconf 86' lang='lat' dir='ltr'>temporibus</span> <span class='ocrx_word' id='word_1_70' title='bbox 1082 469 1241 504; x_wconf 84' lang='lat' dir='ltr'>affuturis.</span> <span class='ocrx_word' id='word_1_71' title='bbox 1271 469 1311 504; x_wconf 90' lang='lat' dir='ltr'>In</span> <span class='ocrx_word' id='word_1_72' title='bbox 1332 473 1424 503; x_wconf 89' lang='lat' dir='ltr'>cuius</span> <span class='ocrx_word' id='word_1_73' title='bbox 1454 472 1501 504; x_wconf 90' lang='lat' dir='ltr'>rei</span> <span class='ocrx_word' id='word_1_74' title='bbox 1523 471 1744 503; x_wconf 86' lang='lat' dir='ltr'>testimonium</span> <span class='ocrx_word' id='word_1_75' title='bbox 1766 473 1941 514; x_wconf 86' lang='lat' dir='ltr'>presentes</span> <span class='ocrx_word' id='word_1_76' title='bbox 1962 468 2075 502; x_wconf 86' lang='lat' dir='ltr'>literas</span> 
     </span>
     <span class='ocr_line' id='line_1_8' title="bbox 231 528 2074 577; baseline -0.003 -11"><span class='ocrx_word' id='word_1_77' title='bbox 231 532 301 566; x_wconf 83' lang='lat' dir='ltr'>lieri</span> <span class='ocrx_word' id='word_1_78' title='bbox 329 536 362 566; x_wconf 92' lang='lat' dir='ltr'>et</span> <span class='ocrx_word' id='word_1_79' title='bbox 390 531 499 577; x_wconf 80' lang='lat' dir='ltr'>siglllo</span> <span class='ocrx_word' id='word_1_80' title='bbox 527 535 643 565; x_wconf 90' lang='lat' dir='ltr'>nostro</span> <span class='ocrx_word' id='word_1_81' title='bbox 672 542 711 564; x_wconf 88' lang='lat' dir='ltr'>ac</span> <span class='ocrx_word' id='word_1_82' title='bbox 739 532 872 565; x_wconf 92' lang='lat' dir='ltr'>illustris</span> <span class='ocrx_word' id='word_1_83' title='bbox 901 530 1063 577; x_wconf 87' lang='lat' dir='ltr'>Principis</span> <span class='ocrx_word' id='word_1_84' title='bbox 1092 530 1225 565; x_wconf 87' lang='lat' dir='ltr'>Domini</span> <span class='ocrx_word' id='word_1_85' title='bbox 1254 530 1383 565; x_wconf 89' lang='lat' dir='ltr'>Rudolfi</span> <span class='ocrx_word' id='word_1_86' title='bbox 1413 530 1514 564; x_wconf 88' lang='lat' dir='ltr'>Ducis</span> <span class='ocrx_word' id='word_1_87' title='bbox 1536 529 1687 563; x_wconf 81' lang='lat' dir='ltr'>Saxonie</span> <span class='ocrx_word' id='word_1_88' title='bbox 1717 531 1834 563; x_wconf 90' lang='lat' dir='ltr'>summi</span> <span class='ocrx_word' id='word_1_89' title='bbox 1856 528 2074 562; x_wconf 86' lang='lat' dir='ltr'>Mareschalci</span> 
     </span>
     <span class='ocr_line' id='line_1_9' title="bbox 231 588 2073 639; baseline -0.003 -12"><span class='ocrx_word' id='word_1_90' title='bbox 231 594 317 628; x_wconf 83' lang='lat' dir='ltr'>sacri</span> <span class='ocrx_word' id='word_1_91' title='bbox 345 590 489 639; x_wconf 88' lang='lat' dir='ltr'>Imperii,</span> <span class='ocrx_word' id='word_1_92' title='bbox 518 590 778 636; x_wconf 88' lang='lat' dir='ltr'>Reverendique</span> <span class='ocrx_word' id='word_1_93' title='bbox 807 590 912 625; x_wconf 88' lang='lat' dir='ltr'>Patris</span> <span class='ocrx_word' id='word_1_94' title='bbox 941 591 1071 624; x_wconf 87' lang='lat' dir='ltr'>Domini</span> <span class='ocrx_word' id='word_1_95' title='bbox 1100 589 1245 626; x_wconf 85' lang='lat' dir='ltr'>Joannis</span> <span class='ocrx_word' id='word_1_96' title='bbox 1274 590 1433 637; x_wconf 83' lang='lat' dir='ltr'>Episcopi</span> <span class='ocrx_word' id='word_1_97' title='bbox 1463 589 1696 624; x_wconf 91' lang='lat' dir='ltr'>Olomucensis</span> <span class='ocrx_word' id='word_1_98' title='bbox 1726 600 1788 622; x_wconf 90' lang='lat' dir='ltr'>nec</span> <span class='ocrx_word' id='word_1_99' title='bbox 1822 599 1887 623; x_wconf 92' lang='lat' dir='ltr'>non</span> <span class='ocrx_word' id='word_1_100' title='bbox 1917 588 2073 622; x_wconf 88' lang='lat' dir='ltr'>nobilium</span> 
     </span>
     <span class='ocr_line' id='line_1_10' title="bbox 231 646 2074 694; baseline -0.002 -8"><span class='ocrx_word' id='word_1_101' title='bbox 231 655 375 687; x_wconf 91' lang='lat' dir='ltr'>virorum</span> <span class='ocrx_word' id='word_1_102' title='bbox 404 651 568 686; x_wconf 90' lang='lat' dir='ltr'>Herbordi</span> <span class='ocrx_word' id='word_1_103' title='bbox 597 656 630 686; x_wconf 93' lang='lat' dir='ltr'>et</span> <span class='ocrx_word' id='word_1_104' title='bbox 659 652 819 687; x_wconf 90' lang='lat' dir='ltr'>Pesconis</span> <span class='ocrx_word' id='word_1_105' title='bbox 848 651 983 685; x_wconf 86' lang='lat' dir='ltr'>fratrum</span> <span class='ocrx_word' id='word_1_106' title='bbox 1013 651 1053 685; x_wconf 93' lang='lat' dir='ltr'>de</span> <span class='ocrx_word' id='word_1_107' title='bbox 1081 651 1268 694; x_wconf 84' lang='lat' dir='ltr'>Janowicz,</span> <span class='ocrx_word' id='word_1_108' title='bbox 1299 650 1428 685; x_wconf 89' lang='lat' dir='ltr'>Alberti</span> <span class='ocrx_word' id='word_1_109' title='bbox 1458 650 1498 683; x_wconf 91' lang='lat' dir='ltr'>de</span> <span class='ocrx_word' id='word_1_110' title='bbox 1519 650 1693 691; x_wconf 87' lang='lat' dir='ltr'>Slawetin,</span> <span class='ocrx_word' id='word_1_111' title='bbox 1725 646 1853 683; x_wconf 87' lang='lat' dir='ltr'>Alberti</span> <span class='ocrx_word' id='word_1_112' title='bbox 1875 648 1915 682; x_wconf 92' lang='lat' dir='ltr'>de</span> <span class='ocrx_word' id='word_1_113' title='bbox 1937 648 2074 683; x_wconf 87' lang='lat' dir='ltr'>Schon-</span> 
     </span>
     <span class='ocr_line' id='line_1_11' title="bbox 231 708 2073 758; baseline -0.002 -12"><span class='ocrx_word' id='word_1_114' title='bbox 231 712 333 746; x_wconf 92' lang='lat' dir='ltr'>burcb</span> <span class='ocrx_word' id='word_1_115' title='bbox 362 717 394 747; x_wconf 92' lang='lat' dir='ltr'>et</span> <span class='ocrx_word' id='word_1_116' title='bbox 421 713 586 748; x_wconf 89' lang='lat' dir='ltr'>Timothei</span> <span class='ocrx_word' id='word_1_117' title='bbox 615 713 655 747; x_wconf 94' lang='lat' dir='ltr'>de</span> <span class='ocrx_word' id='word_1_118' title='bbox 683 712 820 747; x_wconf 88' lang='lat' dir='ltr'>Koldicz</span> <span class='ocrx_word' id='word_1_119' title='bbox 849 712 1029 757; x_wconf 89' lang='lat' dir='ltr'>sigillorum</span> <span class='ocrx_word' id='word_1_120' title='bbox 1059 714 1266 758; x_wconf 82' lang='lat' dir='ltr'>appensione</span> <span class='ocrx_word' id='word_1_121' title='bbox 1293 714 1470 757; x_wconf 87' lang='lat' dir='ltr'>petivimus</span> <span class='ocrx_word' id='word_1_122' title='bbox 1499 712 1704 744; x_wconf 89' lang='lat' dir='ltr'>communiri.</span> <span class='ocrx_word' id='word_1_123' title='bbox 1754 708 1874 743; x_wconf 86' lang='lat' dir='ltr'>Datum</span> <span class='ocrx_word' id='word_1_124' title='bbox 1905 712 1936 743; x_wconf 87' lang='lat' dir='ltr'>et</span> <span class='ocrx_word' id='word_1_125' title='bbox 1966 714 2073 743; x_wconf 87' lang='lat' dir='ltr'>actum</span> 
     </span>
     <span class='ocr_line' id='line_1_12' title="bbox 233 769 2073 819; baseline -0.002 -13"><span class='ocrx_word' id='word_1_126' title='bbox 233 773 338 818; x_wconf 87' lang='lat' dir='ltr'>Prage</span> <span class='ocrx_word' id='word_1_127' title='bbox 366 776 399 808; x_wconf 91' lang='lat' dir='ltr'>in</span> <span class='ocrx_word' id='word_1_128' title='bbox 428 774 525 809; x_wconf 93' lang='lat' dir='ltr'>domo</span> <span class='ocrx_word' id='word_1_129' title='bbox 552 773 807 808; x_wconf 88' lang='lat' dir='ltr'>inhabitacionis</span> <span class='ocrx_word' id='word_1_130' title='bbox 837 773 967 807; x_wconf 87' lang='lat' dir='ltr'>Domini</span> <span class='ocrx_word' id='word_1_131' title='bbox 994 773 1153 819; x_wconf 90' lang='lat' dir='ltr'>Episcopi</span> <span class='ocrx_word' id='word_1_132' title='bbox 1182 772 1413 806; x_wconf 86' lang='lat' dir='ltr'>Olomucensis</span> <span class='ocrx_word' id='word_1_133' title='bbox 1442 771 1578 818; x_wconf 90' lang='lat' dir='ltr'>predicti</span> <span class='ocrx_word' id='word_1_134' title='bbox 1609 772 1708 804; x_wconf 84' lang='lat' dir='ltr'>Anno</span> <span class='ocrx_word' id='word_1_135' title='bbox 1737 769 1869 803; x_wconf 89' lang='lat' dir='ltr'>Domini</span> <span class='ocrx_word' id='word_1_136' title='bbox 1898 769 2073 804; x_wconf 85' lang='lat' dir='ltr'>Millesimo</span> 
     </span>
     <span class='ocr_line' id='line_1_13' title="bbox 231 830 2070 881; baseline -0.002 -12"><span class='ocrx_word' id='word_1_137' title='bbox 231 834 481 869; x_wconf 85' lang='lat' dir='ltr'>Trecentesimo</span> <span class='ocrx_word' id='word_1_138' title='bbox 510 837 783 881; x_wconf 88' lang='lat' dir='ltr'>quinquagesimo</span> <span class='ocrx_word' id='word_1_139' title='bbox 813 837 916 868; x_wconf 89' lang='lat' dir='ltr'>tercio</span> <span class='ocrx_word' id='word_1_140' title='bbox 945 837 977 868; x_wconf 91' lang='lat' dir='ltr'>in</span> <span class='ocrx_word' id='word_1_141' title='bbox 1006 836 1151 867; x_wconf 88' lang='lat' dir='ltr'>crastino</span> <span class='ocrx_word' id='word_1_142' title='bbox 1180 833 1432 878; x_wconf 87' lang='lat' dir='ltr'>Assumpsionis</span> <span class='ocrx_word' id='word_1_143' title='bbox 1461 835 1577 866; x_wconf 88' lang='lat' dir='ltr'>sancte</span> <span class='ocrx_word' id='word_1_144' title='bbox 1604 830 1709 864; x_wconf 86' lang='lat' dir='ltr'>Marie</span> <span class='ocrx_word' id='word_1_145' title='bbox 1737 830 1885 875; x_wconf 80' lang='lat' dir='ltr'>Virginis</span> <span class='ocrx_word' id='word_1_146' title='bbox 1913 830 2070 874; x_wconf 86' lang='lat' dir='ltr'>gloriose.</span> 
     </span>
    </p>
   </div>
   <div class='ocr_carea' id='block_1_2' title="bbox 538 917 2072 961">
    <p class='ocr_par' dir='ltr' id='par_1_2' title="bbox 538 917 2072 961">
     <span class='ocr_line' id='line_1_14' title="bbox 538 917 2072 961; baseline -0.003 -13"><span class='ocrx_word' id='word_1_147' title='bbox 538 921 611 961; x_wconf 88' lang='lat' dir='ltr'>(Aus</span> <span class='ocrx_word' id='word_1_148' title='bbox 634 923 688 948; x_wconf 88' lang='lat' dir='ltr'>den</span> <span class='ocrx_word' id='word_1_149' title='bbox 713 922 851 956; x_wconf 80' lang='lat' dir='ltr'>privileg.</span> <span class='ocrx_word' id='word_1_150' title='bbox 875 930 934 956; x_wconf 85' lang='lat' dir='ltr'>reg.</span> <span class='ocrx_word' id='word_1_151' title='bbox 959 921 1103 947; x_wconf 83' lang='lat' dir='ltr'>Bohemiae</span> <span class='ocrx_word' id='word_1_152' title='bbox 1129 920 1260 947; x_wconf 78' lang='lat' dir='ltr'>Manusk.</span> <span class='ocrx_word' id='word_1_153' title='bbox 1293 920 1329 945; x_wconf 86' lang='lat' dir='ltr'>im</span> <span class='ocrx_word' id='word_1_154' title='bbox 1362 919 1598 945; x_wconf 80' lang='lat' dir='ltr'>Landesarehive</span> <span class='ocrx_word' id='word_1_155' title='bbox 1623 918 1701 952; x_wconf 76' lang='lat' dir='ltr'>Siga.</span> <span class='ocrx_word' id='word_1_156' title='bbox 1721 918 1758 944; x_wconf 88' lang='lat' dir='ltr'>M.</span> <span class='ocrx_word' id='word_1_157' title='bbox 1773 917 1834 944; x_wconf 72' lang='lat' dir='ltr'>vn.</span> <span class='ocrx_word' id='word_1_158' title='bbox 1856 918 1905 953; x_wconf 77' lang='lat'>28,</span> <span class='ocrx_word' id='word_1_159' title='bbox 1929 926 1955 951; x_wconf 89' lang='lat' dir='ltr'>p.</span> <span class='ocrx_word' id='word_1_160' title='bbox 1974 917 2072 955; x_wconf 47' lang='lat' dir='ltr'>941b.)</span> 
     </span>
    </p>
   </div>
   <div class='ocr_carea' id='block_1_3' title="bbox 1097 1066 1204 1101">
    <p class='ocr_par' dir='ltr' id='par_1_3' title="bbox 1097 1066 1204 1101">
     <span class='ocr_line' id='line_1_15' title="bbox 1097 1066 1204 1101; baseline -0.009 0"><span class='ocrx_word' id='word_1_161' title='bbox 1097 1066 1204 1101; x_wconf 77' lang='lat'>221.</span> 
     </span>
    </p>
   </div>
   <div class='ocr_carea' id='block_1_4' title="bbox 231 1150 2069 1259">
    <p class='ocr_par' dir='ltr' id='par_1_4' title="bbox 231 1150 2069 1259">
     <span class='ocr_line' id='line_1_16' title="bbox 231 1150 2069 1200; baseline -0.005 -6"><span class='ocrx_word' id='word_1_162' title='bbox 231 1161 271 1194; x_wconf 86' lang='grc' dir='ltr'>Κ.</span> <span class='ocrx_word' id='word_1_163' title='bbox 302 1159 392 1193; x_wconf 82' lang='lat' dir='ltr'>Karl</span> <span class='ocrx_word' id='word_1_164' title='bbox 418 1158 479 1193; x_wconf 89' lang='lat' dir='ltr'>IV.</span> <span class='ocrx_word' id='word_1_165' title='bbox 510 1159 648 1191; x_wconf 67' lang='lat' dir='ltr'>emimirt</span> <span class='ocrx_word' id='word_1_166' title='bbox 676 1157 729 1190; x_wconf 74' lang='lat' dir='ltr'>die</span> <span class='ocrx_word' id='word_1_167' title='bbox 757 1156 967 1200; x_wconf 68' lang='lat' dir='ltr'>Achastiner</span> <span class='ocrx_word' id='word_1_168' title='bbox 995 1154 1174 1188; x_wconf 77' lang='lat' dir='ltr'>Eremiten</span> <span class='ocrx_word' id='word_1_169' title='bbox 1208 1155 1241 1187; x_wconf 72' lang='lat' dir='ltr'>in</span> <span class='ocrx_word' id='word_1_170' title='bbox 1276 1152 1427 1187; x_wconf 76' lang='lat' dir='ltr'>Bohmen</span> <span class='ocrx_word' id='word_1_171' title='bbox 1467 1163 1530 1185; x_wconf 75' lang='lat' dir='ltr'>von</span> <span class='ocrx_word' id='word_1_172' title='bbox 1566 1151 1626 1185; x_wconf 83' lang='lat' dir='ltr'>der</span> <span class='ocrx_word' id='word_1_173' title='bbox 1664 1150 1854 1184; x_wconf 78' lang='lat' dir='ltr'>welllz&#39;cken</span> <span class='ocrx_word' id='word_1_174' title='bbox 1885 1150 2069 1184; x_wconf 76' lang='lat' dir='ltr'>Gerickts-</span> 
     </span>
     <span class='ocr_line' id='line_1_17' title="bbox 721 1211 1570 1259; baseline -0.006 -9"><span class='ocrx_word' id='word_1_175' title='bbox 721 1216 867 1250; x_wconf 70' lang='lat' dir='ltr'>bat-keil.</span> <span class='ocrx_word' id='word_1_176' title='bbox 905 1215 965 1250; x_wconf 82' lang='lat' dir='ltr'>Dt.</span> <span class='ocrx_word' id='word_1_177' title='bbox 994 1214 1177 1259; x_wconf 71' lang='lat' dir='ltr'>Nz&#39;t‘rnberq</span> <span class='ocrx_word' id='word_1_178' title='bbox 1206 1212 1265 1248; x_wconf 84' lang='lat'>18.</span> <span class='ocrx_word' id='word_1_179' title='bbox 1296 1214 1430 1258; x_wconf 64' lang='lat' dir='ltr'>August</span> <span class='ocrx_word' id='word_1_180' title='bbox 1460 1211 1570 1246; x_wconf 87' lang='lat'><em>1353.</em></span> 
     </span>
    </p>
   </div>
   <div class='ocr_carea' id='block_1_5' title="bbox 221 1295 2070 2511">
    <p class='ocr_par' dir='ltr' id='par_1_5' title="bbox 221 1295 2070 2511">
     <span class='ocr_line' id='line_1_18' title="bbox 380 1295 2068 1358; baseline -0.005 -9"><span class='ocrx_word' id='word_1_181' title='bbox 380 1295 552 1349; x_wconf 83' lang='lat' dir='ltr'>Karolus</span> <span class='ocrx_word' id='word_1_182' title='bbox 581 1313 643 1347; x_wconf 90' lang='lat' dir='ltr'>Dei</span> <span class='ocrx_word' id='word_1_183' title='bbox 671 1315 784 1358; x_wconf 82' lang='lat' dir='ltr'>gracia</span> <span class='ocrx_word' id='word_1_184' title='bbox 813 1312 1038 1346; x_wconf 88' lang='lat' dir='ltr'>Romanorum</span> <span class='ocrx_word' id='word_1_185' title='bbox 1065 1310 1141 1344; x_wconf 87' lang='lat' dir='ltr'>Rex</span> <span class='ocrx_word' id='word_1_186' title='bbox 1169 1320 1302 1356; x_wconf 89' lang='lat' dir='ltr'>semper</span> <span class='ocrx_word' id='word_1_187' title='bbox 1330 1309 1503 1355; x_wconf 89' lang='lat' dir='ltr'>Augustus</span> <span class='ocrx_word' id='word_1_188' title='bbox 1532 1311 1565 1342; x_wconf 86' lang='lat' dir='ltr'>et</span> <span class='ocrx_word' id='word_1_189' title='bbox 1592 1307 1729 1341; x_wconf 90' lang='lat' dir='ltr'>Boemie</span> <span class='ocrx_word' id='word_1_190' title='bbox 1757 1306 1845 1341; x_wconf 83' lang='lat' dir='ltr'>Rex.</span> <span class='ocrx_word' id='word_1_191' title='bbox 1902 1307 1954 1341; x_wconf 89' lang='lat' dir='ltr'>Ad</span> <span class='ocrx_word' id='word_1_192' title='bbox 1983 1318 2068 1354; x_wconf 89' lang='lat' dir='ltr'>per-</span> 
     </span>
     <span class='ocr_line' id='line_1_19' title="bbox 228 1368 2068 1423; baseline -0.004 -12"><span class='ocrx_word' id='word_1_193' title='bbox 228 1380 356 1423; x_wconf 90' lang='lat' dir='ltr'>petuam</span> <span class='ocrx_word' id='word_1_194' title='bbox 390 1378 438 1410; x_wconf 91' lang='lat' dir='ltr'>rei</span> <span class='ocrx_word' id='word_1_195' title='bbox 476 1376 679 1409; x_wconf 88' lang='lat' dir='ltr'>memoriam.</span> <span class='ocrx_word' id='word_1_196' title='bbox 734 1371 827 1407; x_wconf 85' lang='lat' dir='ltr'>Licet</span> <span class='ocrx_word' id='word_1_197' title='bbox 858 1372 966 1417; x_wconf 87' lang='lat' dir='ltr'>Regie</span> <span class='ocrx_word' id='word_1_198' title='bbox 1003 1371 1172 1417; x_wconf 86' lang='lat' dir='ltr'>dignitatis</span> <span class='ocrx_word' id='word_1_199' title='bbox 1208 1374 1447 1416; x_wconf 83' lang='lat' dir='ltr'>circumspecta</span> <span class='ocrx_word' id='word_1_200' title='bbox 1481 1368 1668 1414; x_wconf 86' lang='lat' dir='ltr'>benignitas</span> <span class='ocrx_word' id='word_1_201' title='bbox 1705 1370 1937 1402; x_wconf 90' lang='lat' dir='ltr'>vniuersorum</span> <span class='ocrx_word' id='word_1_202' title='bbox 1973 1368 2068 1403; x_wconf 87' lang='lat' dir='ltr'>saluti</span> 
     </span>
     <span class='ocr_line' id='line_1_20' title="bbox 226 1427 2068 1484; baseline -0.004 -13"><span class='ocrx_word' id='word_1_203' title='bbox 226 1436 367 1484; x_wconf 89' lang='lat' dir='ltr'>quadam</span> <span class='ocrx_word' id='word_1_204' title='bbox 395 1436 553 1481; x_wconf 83' lang='lat' dir='ltr'>singulari</span> <span class='ocrx_word' id='word_1_205' title='bbox 582 1435 790 1480; x_wconf 89' lang='lat' dir='ltr'>dignacionis</span> <span class='ocrx_word' id='word_1_206' title='bbox 817 1435 933 1479; x_wconf 87' lang='lat' dir='ltr'>gracia</span> <span class='ocrx_word' id='word_1_207' title='bbox 961 1432 1120 1467; x_wconf 86' lang='lat' dir='ltr'>hactenus</span> <span class='ocrx_word' id='word_1_208' title='bbox 1148 1433 1363 1466; x_wconf 89' lang='lat' dir='ltr'>consueuerit</span> <span class='ocrx_word' id='word_1_209' title='bbox 1382 1435 1414 1464; x_wconf 91' lang='lat' dir='ltr'>et</span> <span class='ocrx_word' id='word_1_210' title='bbox 1433 1429 1595 1464; x_wconf 87' lang='lat' dir='ltr'>delectata</span> <span class='ocrx_word' id='word_1_211' title='bbox 1625 1431 1667 1463; x_wconf 89' lang='lat' dir='ltr'>sit</span> <span class='ocrx_word' id='word_1_212' title='bbox 1684 1427 1876 1474; x_wconf 84' lang='lat' dir='ltr'>frequenter</span> <span class='ocrx_word' id='word_1_213' title='bbox 1895 1429 2068 1463; x_wconf 88' lang='lat' dir='ltr'>intendere</span> 
     </span>
     <span class='ocr_line' id='line_1_21' title="bbox 226 1487 2070 1542; baseline -0.006 -10"><span class='ocrx_word' id='word_1_214' title='bbox 226 1497 267 1532; x_wconf 86' lang='lat' dir='ltr'>ad</span> <span class='ocrx_word' id='word_1_215' title='bbox 295 1497 421 1531; x_wconf 89' lang='lat' dir='ltr'>illorum</span> <span class='ocrx_word' id='word_1_216' title='bbox 451 1501 560 1530; x_wconf 89' lang='lat' dir='ltr'>tamen</span> <span class='ocrx_word' id='word_1_217' title='bbox 589 1495 757 1542; x_wconf 89' lang='lat' dir='ltr'>profectus</span> <span class='ocrx_word' id='word_1_218' title='bbox 786 1499 819 1528; x_wconf 91' lang='lat' dir='ltr'>et</span> <span class='ocrx_word' id='word_1_219' title='bbox 847 1493 1019 1528; x_wconf 90' lang='lat' dir='ltr'>commoda</span> <span class='ocrx_word' id='word_1_220' title='bbox 1057 1496 1209 1527; x_wconf 88' lang='lat' dir='ltr'>monetur</span> <span class='ocrx_word' id='word_1_221' title='bbox 1237 1493 1421 1534; x_wconf 78' lang='lat' dir='ltr'>attencius,</span> <span class='ocrx_word' id='word_1_222' title='bbox 1458 1501 1540 1537; x_wconf 90' lang='lat' dir='ltr'>quos</span> <span class='ocrx_word' id='word_1_223' title='bbox 1574 1490 1748 1534; x_wconf 88' lang='lat' dir='ltr'>religionis</span> <span class='ocrx_word' id='word_1_224' title='bbox 1786 1487 2007 1523; x_wconf 85' lang='lat' dir='ltr'>obseruancia</span> <span class='ocrx_word' id='word_1_225' title='bbox 2036 1494 2070 1523; x_wconf 83' lang='lat' dir='ltr'>et</span> 
     </span>
     <span class='ocr_line' id='line_1_22' title="bbox 226 1549 2068 1605; baseline -0.004 -13"><span class='ocrx_word' id='word_1_226' title='bbox 226 1557 427 1605; x_wconf 82' lang='lat' dir='ltr'>exemplaris</span> <span class='ocrx_word' id='word_1_227' title='bbox 456 1559 523 1590; x_wconf 88' lang='lat' dir='ltr'>vite</span> <span class='ocrx_word' id='word_1_228' title='bbox 551 1556 668 1600; x_wconf 90' lang='lat' dir='ltr'>religio</span> <span class='ocrx_word' id='word_1_229' title='bbox 697 1556 819 1589; x_wconf 82' lang='lat' dir='ltr'>clarius</span> <span class='ocrx_word' id='word_1_230' title='bbox 849 1553 1134 1588; x_wconf 85' lang='lat' dir='ltr'>recommendant.</span> <span class='ocrx_word' id='word_1_231' title='bbox 1181 1553 1271 1587; x_wconf 88' lang='lat' dir='ltr'>Sane</span> <span class='ocrx_word' id='word_1_232' title='bbox 1307 1551 1517 1586; x_wconf 86' lang='lat' dir='ltr'>considerato</span> <span class='ocrx_word' id='word_1_233' title='bbox 1552 1552 1686 1584; x_wconf 90' lang='lat' dir='ltr'>sincero</span> <span class='ocrx_word' id='word_1_234' title='bbox 1715 1549 1854 1592; x_wconf 82' lang='lat' dir='ltr'>affectu,</span> <span class='ocrx_word' id='word_1_235' title='bbox 1890 1561 1954 1596; x_wconf 91' lang='lat' dir='ltr'>quo</span> <span class='ocrx_word' id='word_1_236' title='bbox 1985 1549 2068 1584; x_wconf 88' lang='lat' dir='ltr'>Cel-</span> 
     </span>
     <span class='ocr_line' id='line_1_23' title="bbox 227 1609 2069 1659; baseline -0.005 -6"><span class='ocrx_word' id='word_1_237' title='bbox 227 1619 334 1653; x_wconf 90' lang='lat' dir='ltr'>situdo</span> <span class='ocrx_word' id='word_1_238' title='bbox 363 1622 478 1653; x_wconf 90' lang='lat' dir='ltr'>nostra</span> <span class='ocrx_word' id='word_1_239' title='bbox 512 1621 545 1651; x_wconf 88' lang='lat' dir='ltr'>et</span> <span class='ocrx_word' id='word_1_240' title='bbox 580 1617 668 1651; x_wconf 88' lang='lat' dir='ltr'>clare</span> <span class='ocrx_word' id='word_1_241' title='bbox 706 1617 865 1649; x_wconf 89' lang='lat' dir='ltr'>memorie</span> <span class='ocrx_word' id='word_1_242' title='bbox 898 1614 1036 1649; x_wconf 91' lang='lat' dir='ltr'>Illustris</span> <span class='ocrx_word' id='word_1_243' title='bbox 1072 1613 1243 1648; x_wconf 89' lang='lat' dir='ltr'>Johannes</span> <span class='ocrx_word' id='word_1_244' title='bbox 1280 1612 1442 1659; x_wconf 88' lang='lat' dir='ltr'>quondam</span> <span class='ocrx_word' id='word_1_245' title='bbox 1479 1611 1616 1645; x_wconf 93' lang='lat' dir='ltr'>Boemie</span> <span class='ocrx_word' id='word_1_246' title='bbox 1655 1609 1748 1653; x_wconf 81' lang='lat' dir='ltr'>Rex,</span> <span class='ocrx_word' id='word_1_247' title='bbox 1784 1612 1918 1655; x_wconf 85' lang='lat' dir='ltr'>genitor</span> <span class='ocrx_word' id='word_1_248' title='bbox 1954 1615 2069 1645; x_wconf 89' lang='lat' dir='ltr'>noster</span> 
     </span>
     <span class='ocr_line' id='line_1_24' title="bbox 226 1671 2070 1722; baseline -0.004 -9"><span class='ocrx_word' id='word_1_249' title='bbox 226 1679 430 1722; x_wconf 86' lang='lat' dir='ltr'>karissimus,</span> <span class='ocrx_word' id='word_1_250' title='bbox 459 1678 607 1712; x_wconf 92' lang='lat' dir='ltr'>ordinem</span> <span class='ocrx_word' id='word_1_251' title='bbox 636 1677 772 1711; x_wconf 80' lang='lat' dir='ltr'>fratrum</span> <span class='ocrx_word' id='word_1_252' title='bbox 801 1675 1042 1709; x_wconf 91' lang='lat' dir='ltr'>Heremitarum</span> <span class='ocrx_word' id='word_1_253' title='bbox 1073 1677 1179 1708; x_wconf 91' lang='lat' dir='ltr'>sancti</span> <span class='ocrx_word' id='word_1_254' title='bbox 1208 1674 1385 1719; x_wconf 89' lang='lat' dir='ltr'>Augustini</span> <span class='ocrx_word' id='word_1_255' title='bbox 1425 1672 1561 1719; x_wconf 90' lang='lat' dir='ltr'>speciali</span> <span class='ocrx_word' id='word_1_256' title='bbox 1597 1671 1785 1705; x_wconf 90' lang='lat' dir='ltr'>deuocione</span> <span class='ocrx_word' id='word_1_257' title='bbox 1822 1673 2006 1705; x_wconf 88' lang='lat' dir='ltr'>amauimus</span> <span class='ocrx_word' id='word_1_258' title='bbox 2036 1676 2070 1705; x_wconf 90' lang='lat' dir='ltr'>et</span> 
     </span>
     <span class='ocr_line' id='line_1_25' title="bbox 226 1731 2065 1786; baseline -0.005 -13"><span class='ocrx_word' id='word_1_259' title='bbox 226 1739 438 1786; x_wconf 87' lang='lat' dir='ltr'>amplioribus</span> <span class='ocrx_word' id='word_1_260' title='bbox 467 1741 579 1784; x_wconf 90' lang='lat' dir='ltr'>vtique</span> <span class='ocrx_word' id='word_1_261' title='bbox 607 1748 846 1785; x_wconf 88' lang='lat' dir='ltr'>prosequemur</span> <span class='ocrx_word' id='word_1_262' title='bbox 874 1735 1111 1781; x_wconf 86' lang='lat' dir='ltr'>benignitatum</span> <span class='ocrx_word' id='word_1_263' title='bbox 1138 1737 1254 1780; x_wconf 88' lang='lat' dir='ltr'>gratiis</span> <span class='ocrx_word' id='word_1_264' title='bbox 1275 1737 1306 1768; x_wconf 94' lang='lat' dir='ltr'>in</span> <span class='ocrx_word' id='word_1_265' title='bbox 1327 1733 1481 1776; x_wconf 86' lang='lat' dir='ltr'>futurum,</span> <span class='ocrx_word' id='word_1_266' title='bbox 1503 1735 1614 1766; x_wconf 89' lang='lat' dir='ltr'>animo</span> <span class='ocrx_word' id='word_1_267' title='bbox 1635 1731 1817 1765; x_wconf 86' lang='lat' dir='ltr'>deliberato</span> <span class='ocrx_word' id='word_1_268' title='bbox 1838 1735 1871 1764; x_wconf 93' lang='lat' dir='ltr'>et</span> <span class='ocrx_word' id='word_1_269' title='bbox 1890 1742 2065 1777; x_wconf 88' lang='lat' dir='ltr'>procerum</span> 
     </span>
     <span class='ocr_line' id='line_1_26' title="bbox 226 1791 2066 1841; baseline -0.005 -7"><span class='ocrx_word' id='word_1_270' title='bbox 226 1803 411 1834; x_wconf 89' lang='lat' dir='ltr'>nostrorum</span> <span class='ocrx_word' id='word_1_271' title='bbox 441 1799 621 1833; x_wconf 87' lang='lat' dir='ltr'>accedente</span> <span class='ocrx_word' id='word_1_272' title='bbox 649 1798 805 1840; x_wconf 91' lang='lat' dir='ltr'>consilio,</span> <span class='ocrx_word' id='word_1_273' title='bbox 842 1799 1008 1830; x_wconf 83' lang='lat' dir='ltr'>vniuersis</span> <span class='ocrx_word' id='word_1_274' title='bbox 1042 1801 1075 1830; x_wconf 93' lang='lat' dir='ltr'>et</span> <span class='ocrx_word' id='word_1_275' title='bbox 1111 1796 1250 1841; x_wconf 87' lang='lat' dir='ltr'>singulis</span> <span class='ocrx_word' id='word_1_276' title='bbox 1286 1794 1470 1837; x_wconf 81' lang='lat' dir='ltr'>Prioribus,</span> <span class='ocrx_word' id='word_1_277' title='bbox 1508 1791 1751 1834; x_wconf 87' lang='lat' dir='ltr'>Conuentibus,</span> <span class='ocrx_word' id='word_1_278' title='bbox 1787 1791 1999 1826; x_wconf 89' lang='lat' dir='ltr'>Monasteriis</span> <span class='ocrx_word' id='word_1_279' title='bbox 2034 1796 2066 1826; x_wconf 87' lang='lat' dir='ltr'>et</span> 
     </span>
     <span class='ocr_line' id='line_1_27' title="bbox 226 1851 2065 1905; baseline -0.005 -11"><span class='ocrx_word' id='word_1_280' title='bbox 226 1859 374 1895; x_wconf 86' lang='lat' dir='ltr'>domibus</span> <span class='ocrx_word' id='word_1_281' title='bbox 403 1859 526 1894; x_wconf 90' lang='lat' dir='ltr'>ordinis</span> <span class='ocrx_word' id='word_1_282' title='bbox 554 1858 753 1905; x_wconf 84' lang='lat' dir='ltr'>supradicti,</span> <span class='ocrx_word' id='word_1_283' title='bbox 791 1857 990 1904; x_wconf 89' lang='lat' dir='ltr'>vbicumque</span> <span class='ocrx_word' id='word_1_284' title='bbox 1025 1857 1174 1890; x_wconf 89' lang='lat' dir='ltr'>locorum</span> <span class='ocrx_word' id='word_1_285' title='bbox 1210 1859 1240 1890; x_wconf 94' lang='lat' dir='ltr'>in</span> <span class='ocrx_word' id='word_1_286' title='bbox 1277 1855 1396 1900; x_wconf 88' lang='lat' dir='ltr'>Regno</span> <span class='ocrx_word' id='word_1_287' title='bbox 1429 1858 1545 1888; x_wconf 91' lang='lat' dir='ltr'>nostro</span> <span class='ocrx_word' id='word_1_288' title='bbox 1583 1853 1722 1886; x_wconf 86' lang='lat' dir='ltr'>Boemie</span> <span class='ocrx_word' id='word_1_289' title='bbox 1758 1854 1947 1886; x_wconf 88' lang='lat' dir='ltr'>constitutis</span> <span class='ocrx_word' id='word_1_290' title='bbox 1981 1851 2065 1886; x_wconf 85' lang='lat' dir='ltr'>infra</span> 
     </span>
     <span class='ocr_line' id='line_1_28' title="bbox 224 1911 2062 1966; baseline -0.005 -11"><span class='ocrx_word' id='word_1_291' title='bbox 224 1923 379 1966; x_wconf 87' lang='lat' dir='ltr'>scriptam</span> <span class='ocrx_word' id='word_1_292' title='bbox 408 1922 555 1965; x_wconf 89' lang='lat' dir='ltr'>graciam</span> <span class='ocrx_word' id='word_1_293' title='bbox 584 1920 716 1965; x_wconf 89' lang='lat' dir='ltr'>dignum</span> <span class='ocrx_word' id='word_1_294' title='bbox 744 1919 897 1953; x_wconf 87' lang='lat' dir='ltr'>duximus</span> <span class='ocrx_word' id='word_1_295' title='bbox 933 1917 1112 1952; x_wconf 88' lang='lat' dir='ltr'>liberaliter</span> <span class='ocrx_word' id='word_1_296' title='bbox 1145 1916 1363 1962; x_wconf 84' lang='lat' dir='ltr'>erogandam,</span> <span class='ocrx_word' id='word_1_297' title='bbox 1393 1914 1567 1957; x_wconf 88' lang='lat' dir='ltr'>videlicet,</span> <span class='ocrx_word' id='word_1_298' title='bbox 1598 1913 1682 1959; x_wconf 92' lang='lat' dir='ltr'>quod</span> <span class='ocrx_word' id='word_1_299' title='bbox 1712 1912 1820 1946; x_wconf 88' lang='lat' dir='ltr'>nullus</span> <span class='ocrx_word' id='word_1_300' title='bbox 1848 1911 2001 1946; x_wconf 84' lang='lat' dir='ltr'>Judicum</span> <span class='ocrx_word' id='word_1_301' title='bbox 2032 1914 2062 1946; x_wconf 91' lang='lat' dir='ltr'>in</span> 
     </span>
     <span class='ocr_line' id='line_1_29' title="bbox 223 1972 2064 2027; baseline -0.004 -12"><span class='ocrx_word' id='word_1_302' title='bbox 223 1980 330 2024; x_wconf 90' lang='lat' dir='ltr'>bonis,</span> <span class='ocrx_word' id='word_1_303' title='bbox 360 1980 482 2027; x_wconf 89' lang='lat' dir='ltr'>prediis</span> <span class='ocrx_word' id='word_1_304' title='bbox 510 1985 543 2015; x_wconf 90' lang='lat' dir='ltr'>et</span> <span class='ocrx_word' id='word_1_305' title='bbox 570 1979 840 2027; x_wconf 88' lang='lat' dir='ltr'>possessionibus</span> <span class='ocrx_word' id='word_1_306' title='bbox 869 1979 1147 2013; x_wconf 85' lang='lat' dir='ltr'>Monasteriorum</span> <span class='ocrx_word' id='word_1_307' title='bbox 1177 1976 1301 2010; x_wconf 85' lang='lat' dir='ltr'>ordinis</span> <span class='ocrx_word' id='word_1_308' title='bbox 1331 1975 1469 2022; x_wconf 88' lang='lat' dir='ltr'>predicti</span> <span class='ocrx_word' id='word_1_309' title='bbox 1505 1984 1626 2007; x_wconf 84' lang='lat' dir='ltr'>causas</span> <span class='ocrx_word' id='word_1_310' title='bbox 1663 1982 1878 2019; x_wconf 83' lang='lat' dir='ltr'>quascunque</span> <span class='ocrx_word' id='word_1_311' title='bbox 1915 1972 2064 2007; x_wconf 89' lang='lat' dir='ltr'>iudicare</span> 
     </span>
     <span class='ocr_line' id='line_1_30' title="bbox 225 2033 2063 2085; baseline -0.005 -10"><span class='ocrx_word' id='word_1_312' title='bbox 225 2046 279 2075; x_wconf 86' lang='lat' dir='ltr'>aut</span> <span class='ocrx_word' id='word_1_313' title='bbox 307 2041 447 2080; x_wconf 85' lang='lat' dir='ltr'>finaliter</span> <span class='ocrx_word' id='word_1_314' title='bbox 474 2040 625 2074; x_wconf 82' lang='lat' dir='ltr'>deffinire</span> <span class='ocrx_word' id='word_1_315' title='bbox 652 2044 830 2085; x_wconf 86' lang='lat' dir='ltr'>presumat,</span> <span class='ocrx_word' id='word_1_316' title='bbox 859 2050 919 2074; x_wconf 91' lang='lat' dir='ltr'>seu</span> <span class='ocrx_word' id='word_1_317' title='bbox 948 2038 1099 2072; x_wconf 88' lang='lat' dir='ltr'>homines</span> <span class='ocrx_word' id='word_1_318' title='bbox 1128 2041 1160 2071; x_wconf 86' lang='lat' dir='ltr'>et</span> <span class='ocrx_word' id='word_1_319' title='bbox 1186 2036 1334 2071; x_wconf 90' lang='lat' dir='ltr'>subditos</span> <span class='ocrx_word' id='word_1_320' title='bbox 1373 2046 1485 2069; x_wconf 89' lang='lat' dir='ltr'>eorum</span> <span class='ocrx_word' id='word_1_321' title='bbox 1515 2034 1554 2068; x_wconf 91' lang='lat' dir='ltr'>ad</span> <span class='ocrx_word' id='word_1_322' title='bbox 1585 2033 1715 2067; x_wconf 88' lang='lat' dir='ltr'>Czudas</span> <span class='ocrx_word' id='word_1_323' title='bbox 1753 2043 1813 2067; x_wconf 90' lang='lat' dir='ltr'>seu</span> <span class='ocrx_word' id='word_1_324' title='bbox 1848 2035 1965 2078; x_wconf 86' lang='lat' dir='ltr'>quevis</span> <span class='ocrx_word' id='word_1_325' title='bbox 2001 2033 2063 2067; x_wconf 89' lang='lat' dir='ltr'>alia</span> 
     </span>
     <span class='ocr_line' id='line_1_31' title="bbox 224 2093 2063 2146; baseline -0.005 -11"><span class='ocrx_word' id='word_1_326' title='bbox 224 2101 345 2135; x_wconf 89' lang='lat' dir='ltr'>iudicia</span> <span class='ocrx_word' id='word_1_327' title='bbox 374 2104 536 2136; x_wconf 90' lang='lat' dir='ltr'>citacione</span> <span class='ocrx_word' id='word_1_328' title='bbox 563 2113 622 2135; x_wconf 89' lang='lat' dir='ltr'>seu</span> <span class='ocrx_word' id='word_1_329' title='bbox 650 2103 766 2146; x_wconf 89' lang='lat' dir='ltr'>quouis</span> <span class='ocrx_word' id='word_1_330' title='bbox 795 2100 858 2134; x_wconf 90' lang='lat' dir='ltr'>alio</span> <span class='ocrx_word' id='word_1_331' title='bbox 886 2100 978 2133; x_wconf 90' lang='lat' dir='ltr'>titulo</span> <span class='ocrx_word' id='word_1_332' title='bbox 1006 2097 1250 2145; x_wconf 88' lang='lat' dir='ltr'>quomodolibet</span> <span class='ocrx_word' id='word_1_333' title='bbox 1278 2108 1444 2143; x_wconf 73' lang='lat' dir='ltr'>euocare,</span> <span class='ocrx_word' id='word_1_334' title='bbox 1481 2098 1543 2130; x_wconf 91' lang='lat' dir='ltr'>nisi</span> <span class='ocrx_word' id='word_1_335' title='bbox 1571 2097 1604 2129; x_wconf 94' lang='lat' dir='ltr'>in</span> <span class='ocrx_word' id='word_1_336' title='bbox 1632 2105 1706 2128; x_wconf 91' lang='lat' dir='ltr'>eum</span> <span class='ocrx_word' id='word_1_337' title='bbox 1736 2105 1868 2137; x_wconf 85' lang='lat' dir='ltr'>casum,</span> <span class='ocrx_word' id='word_1_338' title='bbox 1904 2093 1960 2127; x_wconf 91' lang='lat' dir='ltr'>vbi</span> <span class='ocrx_word' id='word_1_339' title='bbox 1989 2093 2063 2128; x_wconf 84' lang='lat' dir='ltr'>for-</span> 
     </span>
     <span class='ocr_line' id='line_1_32' title="bbox 224 2153 2062 2207; baseline -0.004 -11"><span class='ocrx_word' id='word_1_340' title='bbox 224 2166 314 2196; x_wconf 88' lang='lat' dir='ltr'>tasse</span> <span class='ocrx_word' id='word_1_341' title='bbox 342 2166 576 2207; x_wconf 88' lang='lat' dir='ltr'>procuratores</span> <span class='ocrx_word' id='word_1_342' title='bbox 604 2171 718 2194; x_wconf 91' lang='lat' dir='ltr'>eorum</span> <span class='ocrx_word' id='word_1_343' title='bbox 746 2163 777 2194; x_wconf 92' lang='lat' dir='ltr'>in</span> <span class='ocrx_word' id='word_1_344' title='bbox 807 2159 1064 2194; x_wconf 88' lang='lat' dir='ltr'>administrando</span> <span class='ocrx_word' id='word_1_345' title='bbox 1093 2161 1252 2192; x_wconf 87' lang='lat' dir='ltr'>iusticiam</span> <span class='ocrx_word' id='word_1_346' title='bbox 1282 2157 1496 2202; x_wconf 87' lang='lat' dir='ltr'>negligenter</span> <span class='ocrx_word' id='word_1_347' title='bbox 1531 2155 1714 2190; x_wconf 87' lang='lat' dir='ltr'>deficerent</span> <span class='ocrx_word' id='word_1_348' title='bbox 1749 2159 1781 2188; x_wconf 93' lang='lat' dir='ltr'>et</span> <span class='ocrx_word' id='word_1_349' title='bbox 1816 2153 1968 2188; x_wconf 86' lang='lat' dir='ltr'>homines</span> <span class='ocrx_word' id='word_1_350' title='bbox 1997 2165 2062 2188; x_wconf 89' lang='lat' dir='ltr'>non</span> 
     </span>
     <span class='ocr_line' id='line_1_33' title="bbox 223 2213 2062 2268; baseline -0.004 -12"><span class='ocrx_word' id='word_1_351' title='bbox 223 2226 361 2268; x_wconf 90' lang='lat' dir='ltr'>possent</span> <span class='ocrx_word' id='word_1_352' title='bbox 388 2225 521 2268; x_wconf 89' lang='lat' dir='ltr'>assequi</span> <span class='ocrx_word' id='word_1_353' title='bbox 548 2225 678 2256; x_wconf 86' lang='lat' dir='ltr'>iusticie</span> <span class='ocrx_word' id='word_1_354' title='bbox 713 2221 1007 2266; x_wconf 87' lang='lat' dir='ltr'>complementum,</span> <span class='ocrx_word' id='word_1_355' title='bbox 1045 2222 1076 2252; x_wconf 91' lang='lat' dir='ltr'>in</span> <span class='ocrx_word' id='word_1_356' title='bbox 1113 2230 1175 2265; x_wconf 93' lang='lat' dir='ltr'>quo</span> <span class='ocrx_word' id='word_1_357' title='bbox 1213 2229 1294 2252; x_wconf 90' lang='lat' dir='ltr'>casu</span> <span class='ocrx_word' id='word_1_358' title='bbox 1330 2217 1466 2251; x_wconf 90' lang='lat' dir='ltr'>dicimus</span> <span class='ocrx_word' id='word_1_359' title='bbox 1503 2221 1536 2250; x_wconf 92' lang='lat' dir='ltr'>et</span> <span class='ocrx_word' id='word_1_360' title='bbox 1571 2217 1708 2262; x_wconf 85' lang='lat' dir='ltr'>quocies</span> <span class='ocrx_word' id='word_1_361' title='bbox 1743 2214 1955 2260; x_wconf 87' lang='lat' dir='ltr'>negligencia</span> <span class='ocrx_word' id='word_1_362' title='bbox 1991 2213 2062 2249; x_wconf 87' lang='lat' dir='ltr'>talis</span> 
     </span>
     <span class='ocr_line' id='line_1_34' title="bbox 225 2274 2063 2328; baseline -0.005 -11"><span class='ocrx_word' id='word_1_363' title='bbox 225 2285 415 2325; x_wconf 78' lang='lat' dir='ltr'>emerserit,</span> <span class='ocrx_word' id='word_1_364' title='bbox 445 2283 675 2325; x_wconf 87' lang='lat' dir='ltr'>decernimus,</span> <span class='ocrx_word' id='word_1_365' title='bbox 705 2281 789 2328; x_wconf 93' lang='lat' dir='ltr'>quod</span> <span class='ocrx_word' id='word_1_366' title='bbox 818 2291 878 2327; x_wconf 91' lang='lat' dir='ltr'>pro</span> <span class='ocrx_word' id='word_1_367' title='bbox 906 2284 984 2314; x_wconf 89' lang='lat' dir='ltr'>tunc</span> <span class='ocrx_word' id='word_1_368' title='bbox 1011 2284 1044 2314; x_wconf 92' lang='lat' dir='ltr'>et</span> <span class='ocrx_word' id='word_1_369' title='bbox 1072 2282 1105 2314; x_wconf 92' lang='lat' dir='ltr'>in</span> <span class='ocrx_word' id='word_1_370' title='bbox 1132 2280 1187 2313; x_wconf 89' lang='lat' dir='ltr'>tali</span> <span class='ocrx_word' id='word_1_371' title='bbox 1216 2283 1335 2313; x_wconf 88' lang='lat' dir='ltr'>euentu</span> <span class='ocrx_word' id='word_1_372' title='bbox 1364 2279 1467 2311; x_wconf 86' lang='lat' dir='ltr'>nostri</span> <span class='ocrx_word' id='word_1_373' title='bbox 1494 2276 1630 2310; x_wconf 87' lang='lat' dir='ltr'>Judices</span> <span class='ocrx_word' id='word_1_374' title='bbox 1667 2274 1809 2309; x_wconf 90' lang='lat' dir='ltr'>debeant</span> <span class='ocrx_word' id='word_1_375' title='bbox 1845 2284 2063 2318; x_wconf 90' lang='lat' dir='ltr'>conqueren—</span> 
     </span>
     <span class='ocr_line' id='line_1_35' title="bbox 223 2334 2060 2390; baseline -0.005 -14"><span class='ocrx_word' id='word_1_376' title='bbox 223 2342 307 2378; x_wconf 88' lang='lat' dir='ltr'>tibus</span> <span class='ocrx_word' id='word_1_377' title='bbox 336 2343 376 2378; x_wconf 87' lang='lat' dir='ltr'>de</span> <span class='ocrx_word' id='word_1_378' title='bbox 403 2346 532 2378; x_wconf 91' lang='lat' dir='ltr'>iusticia</span> <span class='ocrx_word' id='word_1_379' title='bbox 559 2342 754 2390; x_wconf 87' lang='lat' dir='ltr'>prouidere,</span> <span class='ocrx_word' id='word_1_380' title='bbox 783 2341 972 2375; x_wconf 90' lang='lat' dir='ltr'>enormibus</span> <span class='ocrx_word' id='word_1_381' title='bbox 999 2340 1207 2383; x_wconf 85' lang='lat' dir='ltr'>criminibus,</span> <span class='ocrx_word' id='word_1_382' title='bbox 1237 2338 1394 2374; x_wconf 86' lang='lat' dir='ltr'>videlicet</span> <span class='ocrx_word' id='word_1_383' title='bbox 1422 2342 1556 2383; x_wconf 90' lang='lat' dir='ltr'>stupro,</span> <span class='ocrx_word' id='word_1_384' title='bbox 1586 2336 1767 2378; x_wconf 86' lang='lat' dir='ltr'>adulterio,</span> <span class='ocrx_word' id='word_1_385' title='bbox 1796 2334 1905 2377; x_wconf 81' lang='lat' dir='ltr'>furto,</span> <span class='ocrx_word' id='word_1_386' title='bbox 1934 2337 2060 2380; x_wconf 77' lang='lat' dir='ltr'>rapina,</span> 
     </span>
     <span class='ocr_line' id='line_1_36' title="bbox 221 2395 2059 2447; baseline -0.005 -10"><span class='ocrx_word' id='word_1_387' title='bbox 221 2404 376 2438; x_wconf 89' lang='lat' dir='ltr'>incendio</span> <span class='ocrx_word' id='word_1_388' title='bbox 404 2408 438 2438; x_wconf 84' lang='lat' dir='ltr'>et</span> <span class='ocrx_word' id='word_1_389' title='bbox 464 2403 538 2437; x_wconf 84' lang='lat' dir='ltr'>falsi</span> <span class='ocrx_word' id='word_1_390' title='bbox 566 2405 704 2437; x_wconf 88' lang='lat' dir='ltr'>crimine</span> <span class='ocrx_word' id='word_1_391' title='bbox 732 2402 893 2436; x_wconf 84' lang='lat' dir='ltr'>duntaxat</span> <span class='ocrx_word' id='word_1_392' title='bbox 919 2403 1073 2447; x_wconf 83' lang='lat' dir='ltr'>exceptis</span> <span class='ocrx_word' id='word_1_393' title='bbox 1103 2404 1134 2434; x_wconf 90' lang='lat' dir='ltr'>et</span> <span class='ocrx_word' id='word_1_394' title='bbox 1160 2400 1224 2434; x_wconf 89' lang='lat' dir='ltr'>illis</span> <span class='ocrx_word' id='word_1_395' title='bbox 1252 2402 1358 2433; x_wconf 87' lang='lat' dir='ltr'>eciam</span> <span class='ocrx_word' id='word_1_396' title='bbox 1388 2397 1597 2440; x_wconf 81' lang='lat' dir='ltr'>criminibus,</span> <span class='ocrx_word' id='word_1_397' title='bbox 1637 2396 1677 2430; x_wconf 87' lang='lat' dir='ltr'>ad</span> <span class='ocrx_word' id='word_1_398' title='bbox 1714 2406 1850 2442; x_wconf 89' lang='lat' dir='ltr'>quorum</span> <span class='ocrx_word' id='word_1_399' title='bbox 1879 2395 2059 2428; x_wconf 85' lang='lat' dir='ltr'>vindictam</span> 
     </span>
     <span class='ocr_line' id='line_1_37' title="bbox 223 2456 2060 2511; baseline -0.006 -13"><span class='ocrx_word' id='word_1_400' title='bbox 223 2475 339 2499; x_wconf 87' lang='lat' dir='ltr'>manus</span> <span class='ocrx_word' id='word_1_401' title='bbox 368 2465 422 2499; x_wconf 92' lang='lat' dir='ltr'>vel</span> <span class='ocrx_word' id='word_1_402' title='bbox 448 2467 567 2511; x_wconf 87' lang='lat' dir='ltr'>capitis</span> <span class='ocrx_word' id='word_1_403' title='bbox 593 2464 706 2510; x_wconf 82' lang='lat' dir='ltr'>plexio</span> <span class='ocrx_word' id='word_1_404' title='bbox 733 2463 865 2497; x_wconf 82' lang='lat' dir='ltr'>videtur</span> <span class='ocrx_word' id='word_1_405' title='bbox 892 2461 1068 2506; x_wconf 88' lang='lat' dir='ltr'>accedere,</span> <span class='ocrx_word' id='word_1_406' title='bbox 1096 2471 1234 2507; x_wconf 89' lang='lat' dir='ltr'>quorum</span> <span class='ocrx_word' id='word_1_407' title='bbox 1263 2469 1407 2493; x_wconf 77' lang='lat' dir='ltr'>examen</span> <span class='ocrx_word' id='word_1_408' title='bbox 1436 2462 1468 2492; x_wconf 88' lang='lat' dir='ltr'>et</span> <span class='ocrx_word' id='word_1_409' title='bbox 1495 2457 1651 2491; x_wconf 88' lang='lat' dir='ltr'>iudicium</span> <span class='ocrx_word' id='word_1_410' title='bbox 1681 2456 1918 2490; x_wconf 87' lang='lat' dir='ltr'>discussorium</span> <span class='ocrx_word' id='word_1_411' title='bbox 1946 2459 2060 2488; x_wconf 88' lang='lat' dir='ltr'>nostre</span> 
     </span>
    </p>
   </div>
   <div class='ocr_carea' id='block_1_6' title="bbox 223 2513 2060 2610">
    <p class='ocr_par' dir='ltr' id='par_1_6' title="bbox 223 2513 2060 2610">
     <span class='ocr_line' id='line_1_38' title="bbox 223 2513 2060 2564; baseline -0.006 -5"><span class='ocrx_word' id='word_1_412' title='bbox 223 2529 255 2559; x_wconf 83' lang='lat' dir='ltr'>et</span> <span class='ocrx_word' id='word_1_413' title='bbox 281 2524 432 2559; x_wconf 88' lang='lat' dir='ltr'>Judicum</span> <span class='ocrx_word' id='word_1_414' title='bbox 461 2527 646 2559; x_wconf 87' lang='lat' dir='ltr'>nostrorum</span> <span class='ocrx_word' id='word_1_415' title='bbox 675 2525 860 2557; x_wconf 86' lang='lat' dir='ltr'>auctoritati</span> <span class='ocrx_word' id='word_1_416' title='bbox 881 2526 913 2556; x_wconf 88' lang='lat' dir='ltr'>et</span> <span class='ocrx_word' id='word_1_417' title='bbox 932 2521 1166 2556; x_wconf 83' lang='lat' dir='ltr'>diffinicionem</span> <span class='ocrx_word' id='word_1_418' title='bbox 1187 2521 1339 2555; x_wconf 77' lang='lat' dir='ltr'>duximus</span> <span class='ocrx_word' id='word_1_419' title='bbox 1360 2518 1610 2561; x_wconf 84' lang='lat' dir='ltr'>reseruandam,</span> <span class='ocrx_word' id='word_1_420' title='bbox 1630 2519 1839 2564; x_wconf 89' lang='lat' dir='ltr'>presencium</span> <span class='ocrx_word' id='word_1_421' title='bbox 1866 2513 1926 2549; x_wconf 89' lang='lat' dir='ltr'>sub</span> <span class='ocrx_word' id='word_1_422' title='bbox 1946 2519 2060 2550; x_wconf 91' lang='lat' dir='ltr'>nostre</span> 
     </span>
     <span class='ocr_line' id='line_1_39' title="bbox 1855 2584 1914 2610; baseline 0 0"><span class='ocrx_word' id='word_1_423' title='bbox 1855 2584 1914 2610; x_wconf 69' lang='lat'>22*</span> 
     </span>
    </p>
   </div>
  </div>
 </body>
</html>
