2206 2735
1086 78 1133 112 89

189 197 268 232 iens
294 197 448 229 nunonici
477 205 516 227 ac
545 192 696 226 omnibus
727 192 850 225 iuribus
879 196 911 225 et
939 193 1146 237 pertinentiis
1183 192 1250 222 suis
1287 189 1468 234 apostolica
1504 188 1558 221 tibi
1597 191 1793 221 auctoritate
1831 186 2031 220 conferimus

189 260 221 288 et
249 255 289 288 de
318 255 378 288 illis
407 257 503 287 etiam
532 253 756 299 providemus.
787 252 1017 285 Decernentes
1044 254 1140 296 prout
1168 254 1219 283 est
1247 252 1373 282 irritum
1403 253 1433 282 et
1472 251 1570 281 inane
1608 252 1633 281 si
1669 259 1766 281 secus
1795 257 1895 292 super
1923 245 1984 279 hiis
2014 258 2030 278 a

189 326 351 360 quoquam
381 317 499 360 quavis
528 316 722 347 auctoritate
750 315 896 346 scienter
924 311 977 344 vel
1005 314 1200 355 ignoranter
1228 314 1454 354 attemptatum
1484 308 1597 342 forsan
1627 312 1676 341 est
1706 307 1867 341 hactenus
1883 306 1936 340 vel
1966 310 2032 339 im-

189 380 357 420 posterum
394 377 569 419 contigerit
605 376 802 419 attemptari.
849 371 921 406 Non
960 370 1169 405 obstantibus
1206 369 1469 415 quibuscumque
1507 371 1636 403 statutis
1673 372 1705 401 et
1740 366 2032 401 consuetudinibus

189 435 336 469 eiusdem
366 435 512 468 ecclesie
541 436 718 467 contrariis
747 436 930 466 iuramento
960 431 1212 465 confirmatione
1242 430 1422 475 apostolica
1452 430 1505 463 vel
1535 440 1596 474 qua
1626 438 1766 472 cumque
1794 427 1944 460 firmitate
1969 427 2030 460 alia

188 496 363 530 roboratis.
394 498 460 529 Aut
489 498 516 528 si
545 494 643 539 aliqui
672 494 856 540 apostolica
884 492 938 525 vel
967 492 1029 525 alia
1059 494 1176 536 quavis
1206 494 1400 524 auctoritate
1428 494 1458 523 in
1487 489 1603 523 eadem
1626 489 1768 522 ecclesia
1793 491 1824 521 in
1846 487 2031 520 Canonicos

189 559 252 590 sint
278 558 416 601 recepti.
446 555 500 589 vel
528 560 560 589 ut
589 557 794 601 recipiantur
821 555 987 587 insistant.
1018 551 1084 586 Seu
1115 554 1141 585 si
1170 562 1272 597 super
1299 549 1545 597 provisionibus
1575 548 1636 583 sibi
1666 548 1826 582 faciendis
1855 547 1894 581 de
1919 547 2033 581 Cano-

187 615 351 650 nicatibus
380 621 412 649 et
440 615 619 662 prebendis
648 614 794 648 eiusdem
825 613 971 646 ecclesie
999 612 1162 658 speciales
1192 612 1245 645 vel
1275 611 1315 644 de
1344 610 1516 644 beneficiis
1547 609 1787 643 ecclesiasticis
1816 611 1847 641 in
1869 608 1931 641 illis
1952 619 2031 653 par—

187 675 272 710 tibus
301 677 480 721 generales
509 676 596 709 dicte
624 675 712 709 sedis
742 675 794 708 vel
824 675 1007 718 legatorum
1037 676 1108 707 eius
1137 673 1265 706 litteras
1294 674 1503 717 impetrarint
1531 673 1660 704 etiamsi
1698 680 1756 715 per
1784 680 1843 702 eas
1872 668 1911 701 ad
1940 668 2031 701 inhi-

187 736 345 770 bitionem
374 739 640 770 reservationem
670 739 702 768 et
731 734 899 768 decretum
929 735 982 767 vel
1013 734 1093 767 alias
1131 732 1374 778 quomodolibet
1411 735 1454 766 sit
1490 741 1695 777 processum.
1732 729 1847 774 quibus
1882 728 2032 762 omnibus

187 802 219 830 te
247 800 280 830 in
309 799 525 830 assecutione
554 798 770 829 canonicatus
801 800 834 828 et
861 794 1029 840 prebende
1058 793 1280 839 predictorum
1309 793 1461 826 volumus
1491 790 1648 825 anteferri
1679 795 1731 823 set
1750 789 1871 823 nullum
1892 800 1951 834 per
1972 788 2031 821 hoc

187 860 235 891 eis
264 868 328 903 quo
357 857 396 890 ad
425 860 668 891 assecutionem
699 855 958 889 Canonicatuum
989 859 1019 888 et
1047 854 1290 900 prebendarum
1319 864 1357 886 ac
1387 852 1621 886 beneficiorum
1651 851 1787 885 aliorum
1817 849 2032 896 preiudicium

188 921 356 962 generari.
387 917 452 951 Seu
489 920 515 950 si
555 917 737 950 venerabili
777 916 868 950 fratri
904 920 1016 949 nostro
1046 943 1053 949 .
1085 943 1091 949 .
1121 914 1291 961 Episcopo
1322 913 1517 948 Olomucen.
1548 917 1578 946 et
1613 912 1738 945 dilectis
1776 911 1849 945 siliis
1885 909 2033 955 Capitulo

189 979 337 1011 eiusdem
367 978 512 1011 ecclesie
540 977 594 1010 vel
623 977 794 1022 quibusvis
823 977 894 1010 aliis
923 979 1140 1009 communiter
1168 975 1222 1009 vel
1251 975 1380 1008 divisim
1411 986 1428 1007 a
1458 973 1584 1020 prefata
1612 976 1653 1006 sit
1673 972 1753 1006 sede
1773 971 1928 1005 indultum
1949 969 2033 1014 quod

190 1038 230 1072 ad
259 1040 484 1083 receptionem
513 1037 566 1071 vel
596 1040 823 1082 provisionem
853 1037 992 1070 alicuius
1026 1038 1159 1069 minime
1187 1041 1360 1069 teneantur
1394 1039 1426 1068 et
1458 1035 1497 1068 ad
1536 1034 1567 1068 id
1605 1033 1756 1079 compelli
1792 1043 1856 1066 non
1894 1034 2033 1077 possint.

189 1098 340 1145 quodque
369 1098 409 1131 de
438 1097 696 1131 Canonicatibus
725 1102 756 1130 et
786 1097 964 1143 prebendis
993 1096 1141 1130 eiusdem
1170 1097 1314 1130 ecclesie
1345 1096 1397 1129 vel
1426 1096 1498 1129 aliis
1527 1093 1700 1128 beneficiis
1729 1093 1970 1126 ecclesiasticis
1997 1091 2034 1123 ad

189 1170 303 1193 eorum
332 1159 540 1192 collationem
571 1161 796 1204 provisionem
826 1158 879 1191 vel
909 1168 1150 1203 quamcumque
1178 1157 1275 1190 aliam
1313 1156 1563 1201 dispositionem
1602 1156 1803 1187 coniunctim
1838 1152 1892 1186 vel
1929 1162 2035 1196 sepa-

191 1222 285 1253 ratim
315 1218 541 1265 spectantibus
570 1218 648 1252 nulli
676 1219 785 1252 valeat
813 1218 980 1264 provideri
1010 1229 1070 1264 per
1098 1218 1223 1251 litteras
1252 1217 1452 1262 apostolicas
1483 1227 1547 1249 non
1576 1214 1738 1249 facientes
1759 1213 1889 1259 plenam
1918 1215 1951 1244 et
1969 1222 2037 1244 ex-

189 1291 341 1326 pressam
371 1291 409 1313 ac
447 1279 487 1313 de
524 1279 628 1313 verbo
666 1280 704 1313 ad
743 1278 881 1312 verbum
918 1279 958 1312 de
992 1278 1115 1312 indulto
1149 1277 1334 1311 huiusmodi
1371 1279 1572 1310 mentionem
1608 1280 1639 1308 et
1673 1273 1817 1320 qualibet
1850 1273 1911 1307 alia
1949 1272 2037 1305 dicte

190 1340 281 1375 sedis
310 1340 511 1385 indulgentia
541 1340 691 1384 generali
721 1340 773 1372 vel
804 1340 941 1386 speciali
971 1342 1209 1384 cuiuscumque
1238 1340 1364 1371 tenoris
1393 1339 1515 1370 existat
1545 1347 1603 1382 per
1626 1346 1722 1380 quam
1743 1332 1951 1380 presentibus
1971 1343 2037 1366 non

191 1412 384 1447 expressam
415 1401 468 1434 vel
497 1401 641 1434 totaliter
669 1411 735 1434 non
764 1403 923 1434 insertam
952 1400 1090 1433 effectus
1119 1397 1304 1433 huiusmodi
1333 1402 1448 1431 nostre
1482 1399 1589 1442 gratie
1623 1394 1774 1441 impediri
1806 1394 1915 1427 valeat
1950 1403 2037 1438 quo-

190 1460 366 1495 modolibet
395 1462 447 1495 vel
478 1460 615 1497 differri,
645 1466 675 1494 et
705 1460 746 1494 de
775 1472 836 1506 qua
867 1463 1028 1506 cuiusque
1056 1464 1122 1493 toto
1151 1464 1268 1493 tenore
1296 1457 1447 1491 habenda
1477 1460 1519 1491 sit
1546 1459 1579 1490 in
1616 1458 1738 1490 nostris
1767 1455 1884 1488 litteris
1913 1456 2037 1486 mentio

190 1522 356 1568 specialis.
387 1522 453 1555 Seu
483 1524 508 1556 si
538 1533 677 1567 presens
705 1533 769 1555 non
800 1522 901 1555 fueris
931 1521 969 1554 ad
999 1520 1208 1566 prestandum
1239 1519 1280 1552 de
1300 1518 1521 1553 observandis
1541 1519 1670 1551 statutis
1691 1521 1723 1550 et
1742 1512 2036 1549 consuetudinibus

191 1585 294 1628 ipsius
324 1582 469 1616 ecclesie
498 1582 626 1616 solitum
656 1586 871 1616 iuramentum
901 1582 1076 1615 dummodo
1104 1584 1136 1614 in
1167 1580 1314 1614 absentia
1344 1584 1398 1613 tua
1427 1590 1486 1625 per
1513 1581 1761 1624 procuratorem
1797 1575 1977 1621 ydoneum3
2006 1578 2038 1607 et

192 1653 263 1676 cum
293 1643 333 1676 ad
362 1643 538 1676 ecclesiam
567 1646 672 1689 ipsam
702 1646 889 1676 accesseris
919 1642 1137 1688 corporaliter
1166 1642 1240 1674 illud
1269 1645 1398 1686 prestes
1442 1639 1508 1673 Seu
1538 1638 1622 1683 quod
1658 1638 1696 1671 ad
1735 1635 1936 1670 venerabilis
1964 1634 2037 1668 fra-

193 1706 250 1737 tris
280 1706 383 1737 nostri
413 1731 420 1737 .
453 1732 457 1736 .
490 1704 745 1749 Archiepiscopi
775 1703 918 1748 Pragen.
950 1708 982 1737 et
1010 1703 1203 1736 dilectorum
1233 1701 1373 1734 filiorum
1403 1729 1409 1733 .
1441 1729 1447 1734 .
1479 1700 1640 1745 Prepositi
1672 1726 1677 1731 .
1709 1725 1716 1731 .
1747 1696 1872 1730 Decani
1906 1699 1939 1728 et
1967 1694 2037 1728 Ca-

193 1764 281 1808 pituli
300 1763 441 1808 Pragen.
471 1775 509 1797 ac
538 1767 674 1809 insuper
702 1763 740 1797 ad
772 1791 777 1797 .
811 1794 815 1798 .
848 1763 1009 1809 Prepositi
1037 1768 1069 1796 et
1096 1762 1235 1808 Capituli
1255 1760 1513 1806 W'issegraden.
1535 1770 1636 1805 prope
1656 1758 1798 1802 Pragam
1819 1757 2036 1790 ecclesiarum

192 1824 400 1857 collationem
437 1827 659 1869 provisionem
695 1827 975 1869 presentationem
1021 1835 1078 1857 seu
1120 1826 1271 1867 quamvis
1308 1822 1402 1855 aliam
1445 1822 1694 1867 dispositionem
1731 1820 1947 1852 communiter
1979 1815 2033 1849 vel

193 1884 321 1917 divisim
351 1887 548 1930 pertinentia
576 1883 735 1918 beneficia
764 1885 996 1918 ecclesiastica
1026 1895 1099 1917 cum
1129 1895 1207 1917 cura
1236 1884 1289 1917 vel
1319 1886 1391 1916 sine
1420 1893 1499 1916 cura
1520 1892 1579 1927 per
1598 1880 1751 1913 diversas
1770 1879 1882 1911 literas
1901 1881 2033 1910 nostras

192 1947 343 1978 nosceris
373 1949 566 1989 expectare.
598 1943 681 1977 Nulli
711 1954 793 1988 ergo
824 1946 886 1978 «vc.
918 1949 1031 1978 nostre
1059 1945 1245 1977 collationis
1274 1945 1476 1990 provisionis
1512 1942 1752 1974 constitutionis
1788 1943 1819 1971 et
1856 1938 2032 1971 voluntatis

191 2004 373 2049 infringere
401 2007 462 2038 dcc.
493 2004 609 2038 Datum
639 2004 723 2050 apud
752 2004 993 2039 villamnovam
1023 2006 1226 2038 Avinionen.
1258 2004 1411 2038 Diocesis
1432 2001 1476 2035 Vl
1498 2000 1610 2035 Nonas
1631 1999 1783 2034 Octobris
1806 1999 1903 2032 Anno
1923 1995 2029 2030 Nono.

499 2097 574 2126 <Ans
599 2097 654 2120 den
679 2096 756 2130 Orig.
781 2097 854 2129 leeg.
880 2096 1011 2122 Clemens
1037 2095 1080 2123 VI.
1112 2096 1160 2121 lib,
1192 2097 1212 2125 1,
1246 2095 1328 2128 υρίεῐ,
1363 2094 1429 2121 255,
1456 2101 1521 2125 pag.
1549 2092 1620 2121 114;
1648 2090 1790 2116 vidimirte
1822 2087 1969 2114 Abschrift
1996 2088 2030 2112 im

603 2147 859 2175 Laudesarchiv‘ni
