2206 2735
1057 41 1125 75 lfiS

1038 197 1148 232 21⁴.

214 288 362 330 johann,
399 286 587 331 Mai-hyras
609 296 673 319 ron.
702 285 858 321 Malu-en,
898 284 1020 328 wareil
1052 285 1113 317 dus
1144 284 1286 318 li'loslm·
1315 285 1346 316 iu
1378 283 1549 317 I'ustinnssi·
1583 294 1646 317 ron
1679 283 1740 316 der
1767 282 1962 316 weltliclien

657 345 966 380 Gae'rirliIstum-Rei!.
1006 345 1065 379 DI.
1099 345 1212 378 Bre‘lnu
1242 343 1277 378 8.
1308 344 1382 377 Jali
1411 343 1520 378 1:353.

317 423 512 477 Johaniws
550 442 602 476 dci
640 444 757 486 gracia
796 440 945 474 Mai-chio
976 439 1128 474 Morauie
1164 438 1358 473 Venerabili
1389 439 1520 473 domine
1549 439 1649 473 Anne
1678 439 1862 473 Abliatissc
1891 437 2014 472 Mona-

163 507 255 540 stc-rii
286 504 594 538 Sanctimonialium
625 503 664 537 ad
695 502 870 536 inl'anciani
901 501 1020 536 Christi
1051 505 1080 534 in
1111 501 1238 534 l'usinir
1266 500 1390 534 ordinis
1419 503 1526 534 sancti
1557 500 1726 534 Benedicti
1757 500 1871 533 Sorori
1901 503 2015 533 nostre

166 564 348 600 Karissiine
377 570 409 599 et
438 567 639 599 monasterio
668 575 730 597 suo
760 566 789 596 in
820 567 1028 609 perpetuum.
1058 561 1099 595 Et
1127 565 1154 596 si
1184 564 1315 607 pictatis
1345 572 1447 608 opera
1476 561 1690 607 prudentibus
1719 572 1757 594 ac
1786 561 1858 594 Deo
1889 562 2014 595 sanctis

163 626 348 672 virginibus
386 629 439 672 pie
477 625 622 659 exhibita
662 628 747 658 inter
783 627 904 658 cctcris
934 626 1089 657 virtutum
1119 625 1277 656 acciones
1311 625 1342 656 in
1372 621 1575 669 principibus
1603 622 1750 666 gloriose
1778 621 2016 668 resplendeant

164 687 360 733 Plerumque
397 691 506 720 tamen
545 688 659 719 intuitu
700 695 920 732 personarum
959 683 1147 726 Illustrium‚
1185 694 1249 729 qne
1278 685 1339 728 piis
1369 683 1451 717 locis
1481 683 1696 729 prcliciantur
1733 683 1804 715 loca
1834 685 1906 728 ipsa
1936 692 2015 715 am-

164 748 277 794 plioris
307 748 432 781 fauoris
464 751 495 780 ct
524 749 641 791 gracie
670 746 853 792 priuilcgiis
885 744 1100 778 honorantur.
1132 744 1212 777 Veri
1243 746 1340 788 igitur
1370 747 1491 778 amoris
1521 746 1634 777 intuitu
1656 743 1886 777 desiderantes
1918 741 2014 777 vobis

164 811 197 843 in
225 820 371 855 persona
400 810 502 841 vestri
532 809 710 841 conuentui
739 818 778 840 ac
809 806 1011 840 Monasterio
1041 808 1163 839 vestris
1192 807 1224 838 in
1254 805 1397 851 l‘usinyr
1424 807 1572 849 graciam
1602 804 1715 838 facere
1736 804 1915 849 specialem
1931 802 2012 846 Vos,

165 874 363 903 conuentum
403 873 436 902 et
474 868 710 902 Monasterium
748 867 915 914 predictos
951 878 1013 900 nec
1049 877 1115 900 non
1145 865 1294 899 homines
1325 871 1357 899 ct
1385 865 1470 899 bona
1500 870 1613 900 vestra
1642 877 1681 899 ac
1710 864 1903 898 Monastei·ii
1933 874 2014 910 pre-

165 930 241 964 dicti
280 929 319 963 ab
357 933 446 963 omni
474 929 722 963 Jurisdiccione
758 928 878 962 iudicio
917 932 949 961 et
986 927 1204 961 infestacione
1233 926 1321 960 Juris
1360 931 1392 960 et
1430 926 1508 960 facti
1537 926 1713 969 Nobilium,
1745 926 2014 971 Capitaneorum‚

164 991 344 1033 Baronunn
384 990 665 1028 Camerariornm,
702 989 957 1031 Guium-iorum,
997 987 1251 1021 Prouincialium
1280 986 1450 1029 Judieum,
1484 988 1683 1030 villicorum,
1713 985 2015 1028 beneficiariorum,

165 1052 428 1086 Justiciariorum
460 1062 519 1084 seu
550 1050 751 1084 Ol'ticialium
781 1054 814 1083 ct
843 1049 1043 1083 subditorum
1074 1053 1263 1082 nostrorum
1293 1051 1483 1084 eximimus
1519 1052 1552 1081 et
1580 1051 1792 1094 presencium
1830 1051 1946 1080 tenore
1975 1045 2016 1079 de

166 1116 256 1146 certa
287 1115 402 1145 nostra
431 1111 628 1145 liberalitate
658 1110 850 1153 liberamus,
881 1114 912 1143 et
940 1109 1061 1143 liberas
1092 1120 1131 1142 ac
1161 1109 1263 1142 libera
1293 1113 1448 1143 cxciiitos
1470 1111 1554 1153 (sic.)
1584 1108 1794 1142 decernimus
1815 1111 1847 1140 et
1867 1109 2015 1149 excmta,

167 1172 278 1217 Vsque
314 1171 411 1206 adeo.
451 1172 538 1218 quod
574 1182 672 1205 nemo
705 1174 851 1217 ipsorum
886 1174 918 1204 in
953 1170 1048 1204 bouis
1078 1173 1203 1203 vestris
1233 1170 1389 1216 predictis
1420 1170 1459 1203 ad
1489 1174 1699 1212 nocturnum,
1733 1170 1787 1204 vel
1817 1168 1912 1212 alias,
1942 1179 2016 1202 cum

165 1237 281 1267 vestro
317 1233 499 1278 preiudicio
535 1232 769 1278 hospitandum
799 1242 836 1264 se
864 1231 1030 1264 collocare
1059 1234 1239 1276 presumat,
1278 1235 1331 1264 ant
1360 1242 1435 1273 vos³
1465 1242 1523 1264 seu
1552 1234 1752 1264 conuentum
1780 1234 1932 1263 vestrum
1963 1232 2018 1262 aut

165 1293 315 1328 homines
344 1296 448 1328 vestri
478 1292 673 1337 Monasterij
703 1292 742 1326 ad
773 1292 927 1325 indicium
956 1303 1013 1326 seu
1045 1290 1189 1325 Czudain
1219 1291 1258 1324 ad
1288 1293 1436 1325 cuiusuis
1456 1293 1654 1325 instanciam
1676 1301 1833 1333 euocare,
1863 1290 2017 1334 vllasque

167 1358 284 1389 contra
311 1354 366 1389 vel
394 1357 484 1400 ipsos
515 1353 606 1387 ferre
635 1355 837 1391 sentencias„
868 1356 923 1386 aut
951 1352 1030 1386 alias
1059 1351 1304 1397 quomodolibet
1332 1352 1522 1386 molestare.
1566 1350 1761 1385 Mandantes
1790 1349 1849 1385 sul)
1880 1350 2017 1384 obtentu

165 1417 281 1461 gracie
309 1419 422 1449 nostre
450 1414 588 1461 prefatis
618 1416 743 1448 nostris
773 1413 968 1447 officialibus
999 1418 1030 1447 et
1059 1415 1180 1447 ceteris
1210 1412 1346 1446 subditis
1375 1412 1635 1459 quibuscumque
1663 1416 1864 1446 censeantur
1905 1414 2017 1445 nomi-

163 1474 260 1510 nibus
293 1474 508 1521 presentibus
543 1479 576 1509 et
611 1474 741 1508 suturis.
799 1474 970 1515 Quatenus
1002 1484 1066 1509 vos
1098 1501 1104 1508 .
1137 1500 1143 1507 .
1175 1473 1380 1508 Conucntum
1410 1478 1442 1507 et
1470 1473 1620 1508 homines
1649 1484 1689 1507 ac
1716 1471 1957 1506 Monasterium
1987 1476 2019 1505 et

166 1535 255 1571 bona
282 1541 396 1570 vestra
424 1538 597 1582 premissis
629 1534 835 1569 libertatibus
866 1534 1133 1579 irrefragibilitcr
1160 1534 1310 1579 gaudere
1338 1538 1526 1581 permittant
1555 1539 1588 1568 et
1607 1538 1720 1568 contra
1743 1545 1801 1567 eas
1821 1533 1875 1567 vel
1904 1543 2017 1566 carum

169 1597 305 1631 alteram
333 1599 450 1631 venire
478 1607 544 1630 non
575 1595 720 1630 audeant
749 1598 866 1641 quouis
895 1595 1005 1629 modo.
1063 1594 1218 1629 Ceterum
1257 1597 1282 1629 si
1321 1598 1392 1641 quis
1427 1594 1589 1630 adversus
1617 1605 1678 1629 vos
1712 1599 1766 1629 aut
1794 1598 1930 1628 vestros
1959 1604 2017 1628 seu

169 1662 282 1692 vestra
317 1657 456 1702 aliquam
494 1659 668 1690 accionem
705 1655 866 1699 habuerit,
903 1655 988 1690 hanc
1024 1666 1138 1690 eoram
1166 1655 1262 1691 nobis
1290 1660 1346 1690 aut
1373 1659 1475 1691 certis
1503 1655 1675 1690 Judicibus
1709 1658 1830 1690 nostris
1862 1653 2017 1688 fidelibus

169 1717 265 1752 vobis
299 1717 564 1764 conpetentibus,
604 1728 663 1763 per
698 1728 760 1750 nos
798 1717 871 1751 loco
898 1727 959 1752 suo
989 1717 1180 1763 specialiter
1208 1716 1401 1762 delegandis
1429 1719 1556 1751 iusticia
1585 1716 1750 1751 mediante
1778 1717 2016 1762 prosequatur.

171 1777 207 1812 Si
235 1782 344 1812 antem
373 1783 488 1812 eontra
518 1789 581 1812 vos
610 1780 644 1811 in
673 1777 802 1811 Judicio
834 1777 887 1812 vel
915 1781 1010 1811 extra
1041 1780 1219 1824 quippiam,
1249 1788 1348 1811 secus
1378 1779 1573 1823 attemptari,
1602 1776 1740 1823 procedi
1761 1776 1813 1811 vel
1834 1775 1907 1810 fieri
1929 1785 2018 1809 con-

171 1841 315 1884 tingeret
342 1849 401 1885 per
429 1839 571 1885 aliquem
599 1838 836 1884 predictorum,
864 1837 895 1872 id
925 1841 1122 1872 auctoritate
1152 1840 1373 1884 presencium,
1403 1837 1444 1871 de
1470 1842 1561 1872 certa
1580 1840 1726 1873 sciencia
1747 1836 1865 1871 nullius
1885 1834 2018 1870 roboris

170 1899 294 1934 habere
322 1899 533 1934 decernimus
563 1899 760 1933 firmitatem.
791 1898 1119 1933 Contrafacientibus
1147 1897 1379 1932 nichilominus
1403 1897 1671 1943 indignacionem
1692 1901 1839 1932 nostram
1868 1898 2019 1942 grauiter

171 1962 366 1994 incursuris.
398 1960 435 1994 In
465 1963 558 1995 cuius
586 1963 636 1995 rei
665 1962 884 1994 testimonium
913 1964 1093 2007 presentes
1121 1959 1235 1993 literas
1263 1958 1345 2002 fieri,
1376 1963 1407 1993 et
1435 1959 1533 2004 sigilli
1561 1961 1664 1993 nostri
1687 1960 1847 2004 jussimus
1885 1966 2019 2003 appen-

173 2023 267 2056 sione
296 2023 425 2055 muniri.
473 2020 592 2055 Datum
621 2021 758 2056 Brunne
786 2023 818 2055 in
847 2020 973 2055 Octaua
1004 2020 1056 2054 die
1084 2018 1210 2055 Mensis
1238 2018 1314 2053 Julii
1343 2019 1444 2054 Anno
1473 2019 1594 2054 domini
1621 2019 1796 2055 Millesimo
1825 2017 2020 2052 Trecente-

174 2083 257 2117 simo
286 2080 571 2127 Quinquagesimo
600 2086 718 2117 tercio.

483 2169 558 2204 [Ans
583 2169 647 2195 dem
674 2169 752 2204 Orig.
777 2170 813 2196 im
837 2168 1093 2196 fai-sterzbischefl.
1116 2168 1242 2196 Archive
1266 2177 1301 2194 zu
1318 2168 1467 2194 Kremsier
1491 2168 1582 2202 copirt
1605 2166 1690 2193 durch
1713 2163 1917 2205 Ant.Bocek.)
