2206 2735
1049 37 1123 72 208

159 154 319 195 exigente
356 152 484 183 iusticia
520 154 736 184 contumaces
780 153 811 184 in
848 162 963 185 eorum
1006 154 1249 186 contumaciam
1293 151 1334 184 de
1376 151 1584 186 dominorum
1614 151 1851 187 Coauditorum
1881 165 2014 188 suorum

160 211 277 257 quibus
306 221 407 256 snper
436 210 498 244 lioc
526 210 656 244 lidclem
687 210 765 244 l'ecit
800 211 1016 245 Relacioncm
1053 212 1194 246 consilio
1223 216 1254 246 et
1284 222 1427 246 assensu
1457 215 1689 258 pronunciauit
1718 224 1855 247 causam
1886 213 2007 248 liuius-

160 271 245 304 modi
287 271 358 303 sore
396 270 436 304 ad
478 270 660 305 Romanam
699 274 824 306 curiam
861 271 1008 316 legitime
1043 272 1230 306 deuolntam
1267 277 1298 306 et
1334 272 1420 318 apud
1456 276 1582 306 curiam
1613 274 1754 307 eandem
1784 277 1953 308 terminari
1983 279 2014 308 ct

160 332 242 365 liniri
272 330 396 365 debere
425 336 454 365 et
487 331 525 365 ad
556 331 633 365 dicti
663 330 831 366 Joliannis
862 333 990 367 Alberti
1028 332 1220 379 principalis
1257 335 1452 366 instanciam
1483 334 1631 378 prelatos
1660 334 1827 378 Abbatem
1858 338 1891 368 et
1919 334 2015 368 Con-

161 396 293 425 uentnm
324 396 354 424 et
385 403 502 426 omnes
532 393 616 427 alios
645 393 855 439 supradictos
884 394 922 427 ad
953 394 1096 427 damlnm
1126 398 1156 427 ct
1188 394 1415 439 recipiendum
1446 394 1587 429 libellum
1617 407 1676 429 seu
1698 398 1897 442 peticionem
1919 406 2015 430 sum-

159 454 294 485 mariam
325 455 355 485 in
385 464 488 487 causa
519 453 665 499 predicta
696 456 726 487 in
757 454 933 488 audiencia
963 454 1091 499 prefata
1121 456 1214 488 citari
1251 454 1420 488 mandauit
1448 460 1481 488 ct
1511 455 1588 489 l'ecit
1617 456 1656 489 ad
1686 461 1815 490 certum
1846 466 2011 502 peremp-

160 516 277 546 torium
315 516 489 547 terminum
527 518 772 560 competentem
810 514 918 548 eidem
954 514 1098 548 Jolianni
1130 515 1259 549 Alberti
1299 517 1471 561 principali
1510 519 1632 562 petenti
1669 517 1809 551 similem
1840 519 2013 550 terminum

159 577 189 605 et
219 573 258 605 ad
298 573 440 607 eundem
480 578 588 607 actum
624 574 857 609 nichilominus
894 576 1072 609 statuendo
1109 576 1316 620 Quoquidem
1348 579 1489 610 termino
1519 576 1721 611 adueniente
1750 588 1953 623 comparens
1983 580 2013 610 in

159 633 291 666 Judlcio
334 645 446 668 coram
485 635 617 668 domino
652 635 824 681 Stephano
854 636 1017 670 Amlitore
1055 635 1204 682 predicto
1239 636 1414 671 ,lohannes
1455 636 1581 671 Alberti
1620 638 1812 683 principalis
1851 639 2013 684 prelatus,

161 694 387 739 principaliter
417 706 541 740 prose
580 699 651 741 ipso
689 699 862 730 citatorum
902 697 1127 743 predictorum
1166 707 1230 730 non
1267 700 1538 742 comparencium
1569 701 1814 731 contumaciam
1844 701 2013 732 accusauit

162 765 319 800 ipsosque
350 759 444 800 peciit
476 761 694 790 contumaces
724 761 870 802 reputari
900 762 930 791 et
961 761 990 791 in
1009 768 1122 791 eorum
1141 760 1382 791 contumaciam
1413 758 1576 803 quendam
1606 757 1749 792 libellum
1780 769 1839 792 seu
1868 761 2014 804 peticio-

162 825 237 848 nem
267 819 479 849 suunnariam
511 819 541 850 in
571 828 672 850 causa
702 817 850 863 predicta
881 829 939 863 pro
969 822 1064 864 parte
1093 828 1152 851 sua
1182 817 1334 851 exbiberi
1363 822 1491 852 curauit
1519 819 1579 854 sub
1609 818 1671 852 liae
1699 818 1830 852 sorma:
1867 817 2011 861 „Coram

161 875 257 909 vobis
287 876 472 910 venerabili
501 880 574 911 viro
604 877 736 912 domino
767 878 937 924 Stephano
967 879 1075 923 legum
1097 878 1235 912 doctore
1263 879 1385 912 domini
1415 882 1519 913 nostri
1552 891 1637 926 pape
1657 880 1839 926 Capellano
1859 883 1892 913 et
1911 882 2014 925 ipsius

162 939 248 970 sacri
279 938 396 981 palacii
426 948 601 971 causarum
631 950 670 971 ac
704 950 805 973 cause
843 944 875 973 et
913 939 1062 985 partibus
1091 939 1311 985 infrascriptis
1349 939 1389 973 ab
1419 940 1537 974 codem
1567 941 1702 974 domino
1732 952 1817 987 papa
1847 939 2013 974 Auditore

161 997 351 1042 specialiter
388 997 546 1043 deputato
583 1002 736 1045 proponit
772 999 933 1045 Magister
969 1000 1140 1034 Joliannes
1179 1000 1219 1033 dc
1247 999 1452 1035 Monasterio
1490 1006 1685 1046 procurator
1713 1006 1745 1035 et
1780 1003 2013 1047 procuratorio

162 1061 294 1091 noininc
324 1058 460 1091 disereti
490 1062 553 1092 viri
588 1059 750 1094 Jotianms
794 1060 924 1094 Alberti
968 1061 1008 1094 de
1050 1060 1231 1094 Ilorawicz
1280 1061 1392 1095 clerici
1439 1062 1620 1107 Pragensis
1667 1062 1811 1096 diocesis
1859 1061 2014 1095 Rectoris

162 1118 360 1163 paroehialis
416 1120 560 1153 ecclesie
600 1124 632 1153 in
687 1120 906 1155 'l‘bossawicz
960 1122 1105 1156 diocesis
1155 1121 1390 1156 Olomucensis
1444 1127 1559 1156 contra
1608 1123 1835 1157 venerabilem
1884 1126 2010 1168 patrem

161 1179 328 1212 doininum
366 1178 543 1213 llenricnm
591 1191 630 1214 ac
675 1183 818 1226 priorem
858 1181 1064 1227 subpriorem
1112 1187 1144 1215 ct
1184 1187 1383 1216 conuentum
1413 1182 1607 1217 Monasterii
1656 1183 1818 1217 Lucensis
1865 1183 2012 1216 diocesis

159 1239 326 1273 antediete
356 1244 386 1273 et
423 1251 539 1273 omnes
578 1241 660 1274 alios
702 1246 756 1286 qui
793 1253 853 1276 sna
897 1246 1085 1288 putauerint
1128 1246 1292 1277 interesse
1321 1246 1506 1277 comuniter
1535 1245 1586 1277 uel
1616 1243 1746 1278 ‹liuisim
1775 1248 1807 1277 et
1834 1242 2013 1289 quamlibet

160 1311 337 1344 personam
368 1311 427 1346 pro
457 1303 506 1334 eis
537 1305 569 1334 et
598 1312 712 1335 eorum
742 1302 889 1348 quolibet
918 1306 948 1337 in
978 1304 1109 1337 Judicio
1146 1304 1294 1348 legitime
1323 1307 1566 1338 interueniente
1596 1304 1712 1339 dicens
1742 1304 1827 1351 quod
1858 1307 2010 1349 quamuis

161 1359 236 1403 «del
266 1360 351 1393 dicta
383 1361 528 1394 ecclesia
560 1361 666 1395 eidem
699 1363 842 1397 Jolianni
880 1364 978 1398 suerit
1015 1370 1046 1398 et
1089 1368 1129 1399 sit
1167 1368 1227 1398 rite
1264 1365 1448 1410 apostolica
1478 1368 1674 1399 anctoritate
1703 1368 1871 1412 prouisum
1901 1370 2011 1398 tamen

159 1420 233 1453 dicti
263 1420 384 1454 domini
414 1421 530 1455 Abbas
560 1426 649 1468 prior
678 1423 832 1470 subprior
861 1430 893 1458 et
921 1431 1108 1459 conuentus
1139 1425 1201 1460 sibi
1231 1430 1263 1459 et
1292 1429 1352 1459 iuri
1381 1429 1468 1460 omni
1491 1430 1521 1460 in
1551 1430 1621 1472 ipsa
1643 1427 1787 1461 ecclesia
1808 1428 2010 1472 competenti

158 1486 385 1526 ‹mposuerunt
422 1487 452 1515 et
488 1488 656 1528 opponunt
694 1489 724 1518 et
764 1496 800 1518 se
838 1488 867 1519 in
904 1489 1007 1531 ipsam
1043 1490 1247 1520 intruserunt
1277 1491 1307 1520 et
1337 1498 1409 1521 eam
1439 1493 1645 1533 occuparunt
1676 1493 1708 1521 et
1737 1488 1947 1521 detinuerunt
1977 1491 2011 1519 et

158 1541 305 1575 detinent
335 1547 532 1588 occupatam
562 1544 687 1578 l'ructus
717 1545 865 1580 redditus
901 1551 934 1580 et
963 1552 1146 1593 prouentus
1184 1551 1407 1594 percipientes
1438 1548 1582 1582 indebite
1612 1560 1654 1582 ex
1685 1549 1801 1582 eadem
1832 1560 1869 1581 ac
1900 1550 2011 1592 impc-

159 1602 309 1635 diuerunt
341 1607 371 1634 et
401 1603 580 1648 impediunt
618 1608 793 1649 quominus
830 1606 915 1640 dicta
953 1611 1100 1653 pronisio
1140 1620 1235 1642 snum
1271 1613 1302 1642 et
1338 1608 1480 1642 debitum
1513 1613 1627 1643 sortita
1657 1610 1754 1643 suerit
1784 1614 1816 1642 ct
1844 1611 2011 1642 sorciatur

159 1663 311 1695 ellectum
349 1666 421 1696 sine
461 1664 567 1709 aliqua
607 1668 690 1699 iusta
728 1678 830 1701 causa
870 1672 901 1701 et
930 1669 968 1701 ad
1000 1669 1114 1702 sedem
1143 1670 1356 1715 apostolicam
1387 1670 1584 1715 appellando
1614 1675 1645 1704 ct
1674 1671 1760 1703 male
1790 1670 1902 1710 Quare
1932 1671 2012 1715 petit

159 1723 243 1756 idem
274 1728 467 1768 procurator
496 1729 629 1758 nomine
665 1738 728 1772 quo
767 1739 866 1773 supra
906 1740 964 1774 per
1002 1741 1063 1764 vos
1093 1735 1123 1764 ct
1151 1735 1298 1765 vestram
1329 1730 1532 1764 dil'linitiuam
1563 1734 1768 1765 sentenciam
1799 1732 2009 1776 prominciari

158 1784 367 1817 determinari
399 1790 427 1817 et
459 1785 619 1819 declarari
650 1791 875 1833 proni-<ionem
913 1790 1093 1835 predictam
1133 1791 1237 1825 fnisse
1272 1796 1302 1825 et
1332 1802 1407 1825 esse
1437 1795 1633 1825 cmionicani
1667 1797 1698 1826 et
1728 1791 1870 1825 debitum
1900 1790 2009 1824 (leliu—

159 1848 227 1877 isse
257 1849 288 1877 et
318 1844 442 1878 debere
472 1850 580 1880 sortiri
611 1848 764 1882 ellectum
794 1854 825 1883 et
854 1861 926 1884 eain
958 1854 1017 1897 ipsi
1048 1851 1191 1885 Jolianni
1240 1852 1421 1886 adiudicari
1463 1856 1494 1885 et
1531 1852 1570 1885 ad
1609 1855 1715 1898 ipsum
1744 1853 1948 1898 pertinuisse
1977 1854 2007 1883 et

160 1909 326 1951 pertinere
357 1917 429 1939 cum
461 1911 528 1941 suis
556 1907 690 1943 Juribns
721 1915 750 1943 et
781 1914 997 1956 pertinenciis
1027 1917 1194 1948 vniuersis
1223 1924 1261 1946 ac
1290 1916 1381 1959 ipsos
1411 1913 1562 1947 dominos
1590 1912 1757 1946 Abbatem
1797 1916 1829 1945 et
1858 1911 2007 1945 Priorem

158 1967 371 2011 Sulipriorem
389 1972 419 2000 ct
432 1967 638 2003 Conuentnm
657 1972 861 2006 amouendos
878 1973 950 2006 sore
963 1978 993 2007 et
1010 1977 1157 2008 amoueri
1174 1975 1214 2008 ab
1226 1978 1455 2020 occupaeionc
1476 1976 1701 2008 etintrusione
1715 1972 1872 2019 predictis
1884 1976 1915 2005 et
1927 1974 2007 2017 ipsis

158 2038 256 2072 super
277 2038 315 2060 ea
337 2033 367 2061 et
392 2031 495 2073 ipsius
526 2029 650 2064 iuribus
673 2037 865 2076 perpetuum
896 2036 1018 2079 imponi
1039 2035 1212 2069 silencium
1234 2041 1264 2069 et
1295 2047 1352 2081 pro
1374 2040 1467 2081 parte
1495 2039 1640 2081 ipsorum
1666 2034 1751 2067 male
1774 2037 1806 2065 et
1830 2043 2005 2078 perperam

156 2088 367 2133 appellatum.
386 2088 425 2122 Et
444 2090 591 2135 predicta
610 2095 687 2137 petit
704 2096 792 2126 omni
809 2096 879 2127 iure
895 2094 992 2128 modo
1009 2100 1041 2128 et
1056 2106 1159 2130 causa
1176 2096 1293 2142 quilms
1311 2096 1429 2130 melius
1447 2101 1555 2142 potest
1575 2107 1650 2129 cum
1670 2093 1822 2129 omnibus
1844 2093 2007 2127 fructibus

158 2152 323 2194 perceptis
342 2154 372 2182 et
389 2153 442 2194 qui
460 2154 585 2196 percipi
602 2156 778 2197 potuerunt
794 2158 956 2200 expensis
974 2156 1124 2202 dampnis
1152 2161 1183 2189 et
1206 2160 1372 2190 interesse
1395 2156 1458 2190 litis
1475 2161 1507 2190 et
1524 2155 1718 2190 extrahens
1734 2157 1841 2200 passis
1863 2158 1894 2187 et
1924 2164 2007 2199 pro-

157 2213 286 2243 testatis
307 2210 347 2243 de
368 2211 484 2245 l'uturis
506 2212 598 2245 saluo
621 2216 691 2246 iure
711 2214 852 2248 addendi
876 2220 907 2248 et
930 2221 1085 2250 cetera.··
1106 2217 1312 2263 Quoquidem
1329 2217 1439 2251 libello
1460 2220 1507 2250 sic
1524 2216 1635 2250 oblato
1652 2215 1737 2248 idem
1755 2215 1905 2248 dominus
1923 2214 2006 2248 Ste-

156 2269 285 2315 phanus
316 2271 443 2305 auditor
478 2272 516 2305 ad
554 2275 751 2307 instanciam
788 2274 941 2320 Magistri
979 2276 1142 2312 Jobannis
1172 2278 1213 2311 (le
1242 2277 1448 2312 Monasterio
1477 2281 1508 2311 in
1538 2277 1688 2310 Romana
1718 2278 1808 2309 curia
1837 2286 2006 2321 procura-

157 2333 235 2363 toris
273 2342 313 2364 ac
351 2336 577 2376 procuratoris
614 2334 752 2378 predicti
791 2335 954 2371 Joliannis
991 2337 1121 2372 Alberti
1160 2339 1352 2384 principalis
1382 2342 1476 2384 prout
1505 2338 1544 2371 de
1573 2339 1645 2371 eius
1676 2338 1904 2382 procuratorio
1934 2338 2006 2369 siue

156 2392 309 2425 mandato
339 2397 369 2425 et
400 2392 586 2427 huiusmodi
616 2405 718 2428 cause
758 2399 838 2430 actis
874 2398 972 2443 plene
1005 2403 1134 2432 constat
1167 2399 1306 2433 eosdem
1335 2398 1501 2433 Abbatem
1531 2403 1564 2431 et
1592 2396 1801 2431 Conuentum
1829 2401 1861 2430 et
1889 2406 2005 2429 (nunes

156 2451 237 2485 alios
274 2453 484 2498 supradictos
522 2454 560 2487 ad
599 2454 845 2490 deliberandum
885 2462 915 2491 et
955 2459 1127 2492 iurandum
1157 2470 1257 2505 super
1286 2459 1395 2493 libello
1423 2458 1573 2504 predicto
1602 2462 1633 2492 et
1662 2461 1692 2491 in
1723 2462 1790 2492 tota
1820 2455 2003 2490 huiusmodi

154 2522 255 2544 causa
286 2513 325 2545 de
354 2514 539 2559 calumpnia
569 2519 598 2548 et
630 2519 767 2549 ueritate
797 2517 937 2551 dicenda
968 2530 1042 2553 cum
1072 2522 1140 2554 suis
1170 2519 1323 2566 capitulis
1352 2522 1384 2553 in
1405 2519 1601 2553 Juramento
1630 2519 1818 2564 calumpnie
1838 2520 2003 2551 contentis
