2206 2735
1104 45 1173 81 133

217 169 280 193 nus
309 169 409 193 vnum
438 159 478 193 de
507 161 576 193 suis
605 161 739 193 vicariis
768 162 801 192 et
828 161 920 193 ciues
950 159 1046 192 alium
1075 158 1115 192 de
1148 158 1265 192 eodem
1294 157 1442 203 collegio
1478 162 1636 193 vicarium
1674 164 1914 206 presentarint‚
1948 167 2056 206 grati-

217 219 334 253 ficetur
362 219 512 253 dominus
541 219 740 265 Episcopus,
770 221 824 265 qui
852 223 903 253 est
931 223 962 252 et
990 221 1043 264 qui
1072 230 1131 265 pro
1159 224 1311 265 tempore
1337 218 1447 261 fuerit,
1476 231 1577 254 vnum
1607 221 1647 254 de
1675 225 1885 267 presentans,
1915 225 1968 256 cui
1998 234 2057 257 sue

217 279 377 326 placuerit
405 279 574 313 uoluntati.
605 278 642 312 Si
669 289 751 313 uero
779 281 812 313 in
840 281 1094 325 presentacione
1126 278 1274 324 predicta
1309 282 1518 324 contingeret
1556 280 1731 315 dissentire
1767 282 1942 325 Consules,
1980 287 2057 316 tunc

217 343 429 386 presentacio
458 344 534 386 aput
562 342 753 384 magistrum
783 339 976 385 Consulum,
1004 342 1057 384 qui
1086 351 1146 385 pro
1175 344 1324 385 tempore
1352 339 1461 382 fuerit,
1490 340 1636 374 resideat
1655 341 1696 374 Et
1723 342 1776 375 ille
1806 353 1948 377 vnacum
1976 354 2057 377 rec-

217 405 287 434 tore
316 400 462 447 predicte
491 399 649 446 parochie
676 403 781 434 sancti
809 399 925 434 Jacobi
953 411 1053 434 vnum
1083 400 1122 433 de
1151 402 1285 434 vicariis
1313 402 1416 445 ipsius
1445 400 1602 446 parochie
1630 406 1662 434 et
1690 412 1755 435 non
1784 403 1881 436 alium
1910 404 1962 437 uel
1991 415 2057 438 ex—

216 466 365 495 traneum
394 461 505 494 valeat
533 465 731 506 presentare
759 472 822 495 nec
850 461 934 495 alius
963 471 1059 506 quam
1088 463 1234 494 vicarius
1264 460 1433 506 sepedicte
1461 460 1618 507 parochie
1647 464 1687 496 sit
1715 473 1823 508 capax
1858 466 1959 509 ipsius
1988 464 2057 498 Ca-

217 521 301 567 pelle
330 523 392 554 nisi
421 519 504 554 forte
534 521 624 554 titulo
652 523 942 567 pronunciacionis
980 520 1271 554 consencientibus
1306 523 1453 566 patronis
1490 525 1522 555 et
1557 522 1736 556 diocesano
1774 522 1940 570 Episcopo
1974 536 2057 570 per-

214 585 362 616 mittente
397 584 428 615 in
467 581 563 615 alium
600 581 838 623 transferatur3
871 592 916 615 ex
949 580 1012 615 hoc
1045 584 1151 628 ipsum
1187 585 1311 615 tantum
1348 582 1454 615 ualeat
1491 581 1544 615 illa
1577 585 1665 618 vice.
1701 582 1783 616 Nam
1821 584 1859 617 ad
1896 586 2055 631 capellam

211 645 316 688 ipsam
346 646 536 675 uacaturam
564 643 754 688 simpliciter
782 652 847 675 non
875 644 937 676 nisi
965 653 1051 676 vnus
1081 644 1225 675 vicarius
1254 641 1407 675 Ecclesie
1436 647 1617 676 memorate
1647 646 1752 677 sancti
1788 643 1904 678 Jacohi
1937 650 2057 691 poterit

212 705 408 748 presentari,
439 701 478 735 Et
506 702 568 736 hoc
597 706 828 736 testamentum
857 713 966 736 meum
996 702 1067 736 solo
1096 701 1185 736 obitu
1214 712 1288 735 meo
1317 701 1473 745 firmeturq
1504 702 1586 743 Quia
1617 706 1644 736 si
1675 706 1890 749 superstitero
1919 705 2055 739 liberam

213 762 310 796 michi
339 762 483 796 mutandi
519 762 594 796 illud
630 766 757 797 retineo
792 763 1007 798 voluntatem.
1038 762 1242 805 Ordinauim,
1273 763 1438 796 conditum
1468 766 1538 797 siue
1576 763 1696 798 factum
1735 769 1785 798 est
1819 764 1881 798 hoc
1915 777 2055 811 presens

213 834 320 856 meum
351 828 580 857 testamentum
610 822 817 868 presentibus
846 823 1006 857 Discretis
1035 828 1067 856 et
1095 823 1341 857 honorabilibus
1372 826 1450 857 viris
1478 822 1643 868 Magistro
1664 824 1836 859 Friderico
1856 826 2056 872 presbytero

212 887 381 930 preposito
410 883 640 926 Cremsirensi‚
671 883 869 917 Wismanno
899 884 999 917 Paulo
1028 883 1166 917 Jacobo.
1203 883 1316 917 Leone
1352 881 1505 918 ‚iohanne
1541 884 1689 919 Caldaris
1725 890 1756 919 et
1793 885 1918 920 Thoma
1956 890 2056 921 sociis

214 955 273 978 seu
303 946 434 978 vicariis
464 943 615 977 Ecclesie
644 946 751 977 sancti
779 943 897 978 Jacobi
928 943 1111 990 sepedicte‚
1140 943 1279 978 Nicolao
1315 944 1498 978 Bernhardi
1534 950 1565 978 et
1603 944 1740 979 Nicolao
1775 946 1862 981 dicto
1899 946 2056 992 Helbling

214 1004 410 1038 Consulibus
440 1004 700 1047 Brunnensihus⁷
729 1003 900 1039 Mathusso
929 1003 1030 1038 fratre
1056 1015 1132 1037 meo
1168 1015 1231 1038 nec
1266 1015 1332 1038 non
1370 1004 1515 1050 pluribus
1554 1006 1624 1039 aliis
1663 1006 1799 1040 testibus
1835 1006 1898 1040 fide
1936 1007 2054 1052 dignis.

213 1066 312 1099 Anno
341 1064 461 1098 domini
490 1062 707 1098 M⁰CCC⁰XL⁰
734 1067 766 1098 in
796 1064 848 1098 die
876 1067 980 1099 sancti
1009 1064 1148 1098 Andree
1177 1065 1328 1110 apostoli.
1359 1064 1496 1111 Nosque
1524 1066 1745 1112 predictorum
1781 1067 1906 1101 Judicis
1935 1072 1968 1101 et
1997 1067 2056 1102 Ci-

212 1129 299 1160 uium
327 1128 419 1158 iustis
456 1130 488 1159 et
524 1125 780 1160 racionabilibus
817 1125 971 1171 precibus
1008 1125 1234 1159 fauorabiliter
1269 1125 1415 1159 inclinati
1454 1129 1711 1172 suprascriptam
1749 1128 1996 1162 ordinacionem
2025 1133 2057 1162 et

213 1185 467 1232 disposicionem
497 1187 598 1220 ueluti
626 1189 743 1220 iustam
773 1191 804 1220 et
832 1186 1068 1220 racionabilem
1098 1197 1158 1232 per
1186 1197 1281 1232 quam
1311 1187 1416 1220 cultus
1445 1191 1587 1232 augetur
1615 1187 1742 1221 diuinus
1781 1192 1812 1221 et
1840 1189 1893 1222 alii
1922 1188 1962 1222 ad
1991 1189 2055 1223 de-

211 1250 385 1280 uocionem
415 1246 552 1280 similem
581 1249 757 1292 prouocari
785 1251 949 1292 poterunt,
979 1247 1192 1289 ratificamus,
1222 1246 1442 1293 approbamus
1471 1250 1501 1280 ei
1530 1258 1574 1282 ex
1612 1252 1704 1281 certa
1742 1251 1889 1282 sciencia
1927 1249 2054 1283 confir—

212 1317 349 1346 mamus„
379 1312 528 1341 nostrum
558 1307 698 1352 sigillum
726 1310 757 1341 in
797 1310 1031 1353 premissorum
1067 1310 1287 1341 testimonium
1326 1307 1536 1353 presentibus
1571 1308 1810 1354 appendentes.
1866 1309 1987 1343 Datum
2021 1314 2052 1344 in

212 1366 357 1401 Modricz
402 1368 503 1401 Anno
549 1367 671 1401 domini
715 1366 890 1401 Millesimo
936 1367 1189 1401 Trecentesimo
1235 1367 1517 1414 Quinquagesimo
1563 1368 1711 1402 secundo
1757 1369 1809 1402 die
1854 1369 1885 1403 X
1931 1374 2053 1404 mensis

212 1428 426 1473 Septembris.

519 1494 614 1528 (Orig.
640 1494 724 1527 Perg.
750 1494 775 1519 b.
802 1493 860 1527 sig.
887 1495 923 1519 im
948 1494 1072 1520 Archive
1098 1495 1148 1520 der
1173 1494 1258 1521 stadt
1284 1494 1389 1520 Brunn.
1417 1495 1471 1520 Die
1495 1494 1627 1520 inserirte
1655 1496 1788 1521 t'rkunde
1814 1496 1870 1522 vid.
1897 1496 1965 1522 (flod.
1982 1497 2049 1530 diplv

621 1546 681 1571 Vll.
710 1546 780 1579 214,
805 1555 847 1571 wo
871 1545 912 1571 sie
939 1546 1010 1571 nach
1035 1547 1122 1578 einer,
1144 1547 1249 1580 jedoch
1268 1555 1438 1580 ungeuauen
1456 1546 1605 1572 Abschrift
1629 1546 1772 1573 Cerroni‘s
1796 1547 1974 1581 abgedruckt
1992 1549 2050 1581 ist)

1080 1718 1181 1753 17⁶2.

211 1803 401 1838 Elisabeth.
432 1804 605 1838 Aebtissz'n
633 1805 692 1839 des
720 1804 1017 1849 Koniqz‘nltlosters
1044 1807 1078 1838 in
1108 1804 1293 1843 Altbrae'c'nn,
1322 1806 1487 1849 disponit-t
1515 1805 1598 1839 iiber
1625 1808 1710 1839 zwei
1728 1806 1830 1840 Marlt
1850 1807 2046 1851 ja‘larlicker

747 1865 944 1909 Ez'nltzinfte.
988 1865 1046 1899 Dt.
1078 1864 1136 1899 26.
1167 1865 1368 1910 September
1398 1865 1506 1899 1352.

362 1941 451 1994 Nos
484 1959 653 1994 Elisabeth
689 1959 868 1994 Abbatissa
902 1960 1095 1994 Monasterii
1124 1960 1210 1994 Aule
1240 1959 1363 1994 Sancte
1391 1958 1496 1993 Marie
1524 1959 1561 1993 In
1590 1960 1877 2006 Antiquabrunna‚
1911 1960 2043 1996 Ordinis

208 2021 453 2066 Cisterciensis.
491 2021 588 2054 Scire
621 2020 780 2054 Volumus
817 2025 934 2054 tenore
969 2023 1179 2067 presencium
1216 2023 1404 2054 vniuersos,
1461 2019 1552 2061 Quod
1582 2023 1730 2065 quamuis
1760 2020 1852 2055 Bona
1880 2021 2042 2066 quondam

210 2080 345 2127 deslai
373 2081 413 2115 de
432 2081 636 2115 XVeitenmul
663 2079 701 2114 In
728 2080 805 2114 villa
824 2079 1071 2124 Nossalowicz‚
1101 2092 1237 2126 quorum
1265 2080 1426 2115 Redditus
1455 2083 1554 2114 annui
1582 2081 1620 2114 ad
1643 2081 1713 2115 Sex
1732 2092 1862 2115 marcas
1891 2086 1924 2116 et
1941 2093 2041 2116 vnum

207 2141 370 2175 fertonem
406 2152 601 2186 grossorum
630 2140 845 2185 Pragensium
878 2143 1069 2187 pagamenti
1102 2140 1262 2175 Morauici
1291 2152 1328 2175 se
1356 2140 1549 2177 extendunt.
1583 2141 1669 2175 dicto
1697 2141 1900 2176 Monasterio
1927 2147 2041 2177 nostro

205 2206 238 2236 in
265 2213 428 2248 personas
457 2201 637 2236 Abbatisse
666 2205 696 2234 et
724 2199 916 2235 Conuentus
944 2204 1049 2248 ipsius
1077 2205 1240 2246 tamquam
1268 2204 1353 2235 iuste
1382 2203 1564 2247 empcionis
1591 2202 1685 2236 titulo
1718 2205 1887 2246 resignata
1916 2205 1981 2236 sint
2009 2208 2041 2236 et

205 2262 337 2305 tradita,
366 2266 461 2309 prout
488 2262 591 2296 literis
620 2260 806 2307 patentibus
833 2261 910 2295 inde
938 2261 1100 2296 confectis
1127 2266 1242 2308 patere
1271 2261 1464 2295 dinoscitur.
1519 2261 1592 2296 Due
1620 2266 1728 2296 tamen
1765 2273 1878 2296 marce
1906 2263 2037 2297 Reddi-

205 2328 293 2357 tuum
322 2322 514 2364 eorundem,
544 2332 625 2367 quas
653 2325 766 2354 nostra
794 2324 934 2367 pecunia
962 2325 1101 2355 emimus
1129 2326 1162 2355 et
1189 2321 1408 2368 persoluimus
1441 2323 1631 2368 specialiter
1658 2333 1720 2356 nos
1747 2326 1953 2367 contingunt.
1990 2323 2037 2357 Ita

204 2388 237 2417 ut
257 2387 386 2417 nosmet
414 2382 561 2425 easdem.
590 2392 687 2426 quam
715 2381 768 2415 diu
796 2383 993 2424 vixerimus„
1023 2381 1148 2427 absque
1175 2381 1392 2427 quorumlibet
1419 2381 1652 2429 impedimento
1680 2385 1712 2416 in
1741 2386 1872 2429 propria
1892 2394 2035 2429 persona

204 2443 327 2477 habere
355 2448 388 2477 et
415 2445 588 2488 percipere
617 2441 807 2476 debeamus.
862 2441 1022 2476 Volumus
1057 2453 1199 2488 quoque,
1241 2441 1430 2476 ordinamus
1463 2447 1497 2476 et
1532 2442 1736 2488 disponimus
1778 2453 1911 2476 exnunc
1938 2448 2035 2489 prout

203 2508 341 2549 extunc7
376 2508 412 2537 vt
447 2507 521 2549 post
557 2507 704 2536 nostrum
738 2501 778 2536 ab
814 2501 873 2536 hac
911 2505 978 2536 vita
1011 2505 1183 2536 transitum
1217 2506 1392 2548 prenotate
1426 2502 1490 2537 due
1523 2513 1634 2536 marce
1666 2502 1861 2536 Reddituum
1896 2503 1935 2537 ad
1965 2508 2033 2537 tres
