2206 2735
1105 72 1150 107 33

201 189 427 223 lionoracione
456 188 577 222 domini
607 187 699 221 ducis
727 186 866 221 Nicolai.
900 207 943 210 —
975 185 1055 219 Item
1085 184 1245 218 Nicolaus
1279 183 1320 217 de
1348 182 1571 217 schirnawicz
1600 186 1720 217 missus
1757 182 1814 217 suit
1851 194 1923 216 cum
1962 182 2055 228 Rege

203 250 427 284 Romanorum
458 259 579 283 versus
607 246 826 292 Hungariam.
861 267 902 271 ——
934 245 1016 280 Item
1045 244 1172 279 Jacobo
1202 245 1329 278 Alrami
1360 248 1391 278 et
1420 243 1533 278 Milote
1562 246 1674 278 missis
1704 254 1880 290 znoymam
1902 243 1940 277 ad
1962 254 2055 277 mar-

201 311 366 346 chionem.
395 309 480 356 quod
501 307 600 343 Ciues
628 311 876 354 supportarent,
904 317 947 341 ne
975 309 1156 340 transirent
1186 305 1225 339 ad
1256 305 1514 351 expugnandum
1544 308 1687 338 castrum
1717 304 1838 338 domini
1868 304 1909 338 de
1929 303 2056 350 Czym-

202 371 316 405 bui-cli.
350 391 387 394 —
424 369 506 404 Item
536 368 576 402 ad
605 369 692 402 idem
730 368 882 403 Castrum
918 366 1017 401 Ciues
1052 370 1203 401 emerunt
1241 376 1377 400 asseres
1412 376 1472 412 pro
1508 375 1618 399 marca
1652 369 1682 398 et
1719 363 1766 398 Vl
1803 376 1853 410 gr.
1889 369 1921 398 et
1958 364 2056 398 funes

201 444 261 478 pro
291 430 347 465 VI.
377 442 428 476 gr.
459 435 491 464 ct
521 429 623 464 tribus
651 428 804 463 curribus
832 431 885 475 qui
915 438 1050 462 asseres
1079 427 1246 461 duxerunt
1274 431 1305 460 et
1333 429 1564 472 carpentarios
1594 425 1639 459 III
1669 429 1699 458 et
1734 436 1793 471 pro
1829 425 1915 459 mille
1945 424 2056 459 Clanis

202 493 296 527 (lictis
334 490 540 535 lattennegel
575 489 640 523 XX
674 501 726 535 gr.
763 493 794 523 et
835 488 1064 536 Carpentariis
1099 498 1158 534 pro
1197 490 1309 534 precio
1346 492 1379 521 et
1416 487 1589 521 solucione
1628 497 1758 529 currus,
1798 497 1894 532 quem
1932 485 2054 520 familia

203 554 322 587 domini
352 552 393 585 (16
422 550 627 585 Sternbercli
657 553 796 596 recepit,
826 549 1017 583 vectoribus
1047 546 1110 583 VII
1139 548 1288 582 fertones
1317 552 1349 582 et
1378 547 1425 582 XI
1453 559 1504 592 gr.
1530 567 1571 571 —
1596 546 1676 581 Item
1707 557 1766 593 pro
1796 545 2056 592 amplificacione

202 614 360 648 Cimiterii
389 612 545 646 Ecclesie
574 623 599 645 s.
639 610 755 646 Jacobi
792 610 867 644 (late
902 615 977 644 sunt
1015 609 1079 643 XX
1109 621 1210 643 marc.
1240 629 1289 634 —
1318 608 1398 642 Item
1428 618 1487 654 pro
1517 607 1778 654 amplilicacione
1808 606 1998 642 Cimmiterii
2028 619 2055 641 s.

203 674 287 708 Petri
319 673 348 707 Il
385 684 510 707 marce.
545 693 584 697 ω
617 672 698 706 Item
734 683 793 718 pro
826 673 1088 705 consecracioue
1127 670 1317 704 Cimmiterii
1353 681 1380 704 s.
1417 668 1532 703 Jacobi
1568 668 1735 714 Episcopo
1770 667 1815 702 111
1853 679 1976 702 marce.
2011 687 2052 692 —-

202 735 281 768 Item
311 746 371 780 pro
400 735 664 769 consecracione
693 732 882 766 Cimmiterii
919 743 945 765 s.
984 731 1069 765 Petri
1105 730 1163 764 III.
1200 742 1323 765 marce.
1354 751 1403 755 ——
1432 730 1511 764 Item
1547 732 1669 764 nuncio
1706 732 1809 763 misso
1843 740 1978 775 pragam
2018 728 2055 763 ad

202 789 395 832 episcopum
425 789 562 820 racione
591 783 734 818 Conradi
765 783 1024 828 Tlieloniatoris,
1053 782 1138 828 quod
1168 783 1325 829 quosdam
1357 781 1396 816 de
1425 781 1593 815 wievhav
1623 786 1859 815 arrestauerat.
1896 802 1935 805 -—

363 847 433 880 fol.
465 845 554 879 65:¹1>
596 845 676 879 Item
707 844 839 878 domino
870 844 1051 878 marcliioni
1082 843 1166 888 quod
1197 843 1276 877 „Iura
1307 848 1336 877 et
1368 843 1544 888 Priuilegia
1575 842 1797 876 confirmaret.

512 925 586 955 (Ans
612 924 674 949 dciii
702 923 927 956 Losungslvuclie
952 923 1001 948 (161·
1027 923 1109 948 stadt
1138 923 1232 948 tirum]
1259 922 1338 959 Sign.
1365 922 1460 948 Codex
1487 920 1550 954 35³.)

1092 1051 1163 1086 65.

204 1132 390 1177 Marlfqraf
412 1132 549 1166 Jolmme
581 1142 642 1164 1·οη
671 1131 816 1165 Makron
848 1131 1040 1164 cerorclnet.
1071 1131 1150 1162 <lass
1179 1130 1232 1163 [lie
1263 1129 1447 1163 Israltaner
1477 1131 1542 1163 um!
1570 1130 1698 1162 (nectere
1723 1130 1853 1171 frenate
1873 1128 2057 1173 Kaufleute

272 1195 324 1226 «lie
356 1205 416 1225 ron
444 1193 566 1236 srahel·
594 1192 654 1225 leet·
683 1191 893 1225 bestimmten
923 1191 1088 1225 Slrasseu
1118 1202 1224 1235 (segreie
1258 1190 1387 1224 Olrm't'lz
1417 1190 1590 1223 einhalleu
1620 1190 1742 1223 sollen.
1774 1189 1831 1223 DC.
1862 1189 1980 1223 Bt'e'ltm

962 1252 992 1285 1.
1024 1252 1158 1285 Jr't'unm·
1189 1250 1297 1284 1351.

358 1321 446 1374 Ros
474 1339 654 1375 ‚johannes
684 1340 735 1374 dei
764 1343 879 1385 gracia
909 1340 1056 1374 marcliio
1084 1338 1234 1373 Morauie
1270 1338 1310 1371 ad
1346 1341 1579 1372 uniuersorum
1616 1341 1678 1370 tam
1712 1339 1923 1382 presencium
1962 1346 2057 1381 quam

203 1404 384 1435 l'uturorum
414 1404 570 1435 noticiam
600 1402 751 1435 uolumus
779 1403 971 1447 peruenire.
1001 1401 1085 1446 quod
1116 1411 1176 1434 nos
1206 1403 1290 1434 inter
1318 1410 1415 1433 cums
1437 1403 1569 1432 ceteras
1591 1402 1706 1432 nostro
1727 1400 1854 1443 pectori
1874 1396 2059 1431 insidentes

204 1464 277 1496 illud
307 1465 464 1496 continue
493 1462 697 1505 meditamur,
729 1467 760 1496 et
790 1463 829 1496 ad
858 1462 888 1496 id
918 1466 1063 1507 cogente
1091 1472 1153 1495 nos
1182 1463 1295 1494 innatc
1324 1460 1539 1504 benignitatis
1569 1459 1752 1492 clemencia
1791 1460 1933 1491 estuanti
1964 1457 2058 1491 desi-

202 1524 293 1557 ‹lerio
324 1526 541 1568 asspiramus„
571 1524 710 1569 qualiter
738 1522 852 1557 fideles
882 1526 986 1557 nostri
1015 1527 1045 1556 et
1074 1522 1192 1557 subditi
1222 1521 1282 1555 sub
1312 1524 1427 1555 nostre
1456 1520 1596 1553 dicionis
1626 1519 1769 1553 dominio
1798 1519 1990 1553 releuentur
2019 1517 2058 1551 ab

202 1584 323 1630 inopiis
352 1588 384 1617 et
413 1587 578 1618 continuis
606 1584 769 1618 fructuum
800 1590 831 1617 et
861 1584 1030 1618 utilitatum
1061 1587 1230 1629 prestante
1268 1582 1430 1615 altissimo
1465 1580 1629 1626 prolicere
1664 1579 1798 1613 valeant
1832 1581 2057 1613 incrementis.

203 1645 287 1689 quod
316 1649 393 1678 tunc
424 1644 558 1679 indubie
588 1644 658 1678 lieri
688 1645 865 1687 credimus,
896 1645 969 1679 dum
1000 1643 1162 1691 quoslibet
1191 1646 1222 1676 in
1252 1643 1323 1676 iure
1361 1641 1420 1676 sibi
1457 1643 1655 1687 competenti
1689 1642 1878 1685 graciosius
1914 1650 2058 1673 conser-

203 1716 329 1739 uamus.
362 1705 441 1739 Cum
471 1709 582 1751 itaque
610 1709 642 1740 in
672 1709 806 1740 ciuitate
835 1711 947 1740 nostra
987 1705 1200 1740 Olomucensi
1230 1703 1391 1749 depositio
1430 1705 1587 1736 mercium
1620 1705 1651 1735 et
1684 1712 1794 1735 rerum
1833 1700 2058 1743 vendibilium,

202 1778 265 1811 qne
296 1767 478 1809 vulgariter
493 1765 765 1812 Niederlagunge
795 1767 922 1810 (licitur,
953 1771 993 1801 sit
1024 1778 1042 1800 a
1070 1765 1238 1800 nonnullis
1267 1766 1443 1798 retroactis
1471 1761 1673 1808 temporibus
1703 1761 1882 1804 celebrata,
1912 1771 1974 1795 nos
2002 1764 2058 1794 te-

203 1837 284 1859 nore
318 1830 527 1871 presencium
563 1830 755 1871 statuimus,
792 1828 945 1862 volumus
981 1832 1011 1861 et
1048 1829 1249 1867 sanccimus.¹
1285 1829 1448 1871 quatenus
1485 1822 1670 1857 huiusmodi
1708 1822 1897 1869 deposicio,
1935 1821 2058 1855 eisdem

205 1898 295 1921 more
325 1892 355 1920 et
386 1887 638 1930 consuetudine,
668 1890 752 1922 sicut
780 1887 891 1922 habita
920 1893 972 1922 est
1001 1887 1162 1921 hactenus
1191 1889 1224 1920 in
1254 1886 1340 1920 dicta
1371 1888 1516 1928 ciuitate,
1546 1885 1715 1930 perpetuis
1743 1886 1775 1917 in
1802 1887 1898 1917 antea
1927 1886 2059 1928 tempo-

204 1947 293 1981 ribus
323 1947 522 1982 obseruetur
550 1952 582 1981 et
611 1949 813 1994 specialiter,
842 1953 875 1982 ut
904 1953 1112 1983 mercatores
1143 1948 1386 1982 Cracouienses
1421 1957 1553 1981 merces
1590 1957 1668 1980 suas
1704 1950 1735 1979 et
1770 1956 1826 1979 res
1861 1943 2059 1986 vendibiles,

203 2019 283 2054 quas
313 2009 350 2042 ad
383 2011 487 2055 ipsam
519 2012 683 2043 ciuitatem
715 2009 925 2052 adduxerint,
957 2009 1076 2043 ibidem
1106 2010 1257 2044 vendere
1285 2013 1473 2051 teneantur,
1504 2012 1535 2041 et
1565 2006 1649 2053 quod
1682 2012 1778 2041 extra
1807 2010 1838 2039 et
1869 2006 1907 2040 ad
1937 2009 2057 2038 terram

203 2074 349 2103 nostram
379 2068 529 2103 Morauie
558 2073 614 2104 vic
642 2081 699 2104 seu
730 2075 832 2104 strate
861 2070 991 2116 publIce
1021 2074 1197 2116 antiquitus
1226 2073 1346 2104 usitate
1375 2080 1433 2114 per
1462 2068 1580 2102 dictam
1610 2070 1777 2101 ciuitatem
1799 2066 2058 2101 Olomueensem

204 2129 243 2163 ab
273 2129 423 2163 omnihus
459 2134 490 2163 et
526 2130 664 2175 singulis
693 2130 753 2164 sub
783 2134 961 2165 amissione
990 2142 1113 2174 rerum,
1143 2142 1223 2178 quas
1253 2131 1419 2172 (luxerint,
1451 2129 1491 2163 de
1519 2134 1633 2163 cetero
1668 2128 1809 2162 debeant
1844 2127 2058 2172 frequentari.

203 2189 398 2224 Mandamns
428 2194 528 2236 igitur
557 2190 760 2225 Purclirauio
791 2190 1005 2226 olomucensi
1035 2197 1066 2226 et
1093 2190 1453 2238 prouinciali..iudici
1483 2189 1569 2224 fideli
1599 2189 1730 2231 dilecto,
1762 2193 1925 2235 quatenus
1946 2191 2060 2221 nostre

204 2251 264 2285 sul)
304 2250 437 2285 obtentu
473 2254 587 2296 gracie
626 2252 664 2285 ad
700 2255 957 2297 requisicionem
995 2255 1114 2287 ciuium
1152 2252 1423 2287 Olomuccnsium
1461 2250 1604 2285 fidelium
1643 2250 1838 2284 dilectorum
1875 2258 1991 2282 omnes
2030 2250 2061 2280 et

206 2312 367 2356 singulos.
398 2314 450 2356 qui
481 2316 598 2346 contra
634 2315 797 2357 premissa
833 2313 1077 2357 quomodolibet
1115 2318 1310 2360 attemptare
1348 2314 1631 2358 presumpserint,
1669 2322 1729 2357 per
1765 2313 1944 2356 capciones
1981 2311 2060 2354 pig—

205 2383 320 2405 norum
350 2377 382 2405 et
412 2372 528 2406 modos
559 2373 640 2407 alios
669 2377 875 2419 opportunos
905 2379 1018 2407 arceat
1047 2378 1162 2408 nostro
1191 2376 1324 2407 nomine
1346 2377 1377 2406 et
1397 2377 1598 2418 compescat.
1630 2371 1844 2405 Presencium
1866 2369 1926 2403 sub
1946 2373 2060 2403 nostro

206 2433 313 2476 sigillo
343 2435 431 2466 serie
461 2438 493 2466 et
522 2436 712 2468 testimonio
741 2434 920 2468 literarum.
952 2434 1070 2468 Datum
1103 2435 1235 2468 Brunne
1266 2434 1317 2467 dic
1347 2433 1620 2466 Circumcisionis
1650 2432 1781 2465 domini.
1824 2441 1910 2464 anno
1939 2429 2059 2463 domini

204 2493 379 2526 millesimo
409 2497 648 2528 trecentesimo
677 2497 956 2540 quinquagesimo
984 2499 1101 2541 primo.

515 2573 608 2601 t'ttrisz.
635 2574 684 2598 mit
709 2574 793 2601 heina.
820 2574 879 2601 Sie.
907 2575 940 2599 im
968 2574 1093 2599 Archivo
1119 2574 1168 2599 ‹lvr
1193 2574 1277 2599 Stadr
1303 2571 1441 2603 (muninz.)
