2206 2735
1122 55 1168 88 69

220 171 351 203 nostri.
374 195 380 202 .
403 168 562 215 Episcopi
600 167 795 202 olomucen.
835 166 875 201 ad
911 167 940 201 id
988 167 1174 202 accedente
1209 178 1379 202 consensu
1417 172 1513 213 prout
1550 170 1582 202 in
1617 168 1803 215 patentibus
1840 170 1958 204 litteris
1996 171 2076 205 inde

219 228 382 263 confectis
417 229 555 275 predicti
589 227 698 262 Caroli
726 232 803 261 tunc
830 227 1035 262 Marchionis
1064 228 1172 272 sigillo
1201 230 1333 262 munitis
1361 227 1479 262 dicitur
1507 231 1681 263 contineri.
1726 229 1795 264 Nos
1823 233 1922 275 igitur
1951 235 2072 265 vestris

220 295 252 324 et
281 290 356 325 dicti
385 290 491 335 Regis
520 292 553 323 in
581 288 643 322 hac
672 293 768 334 parte
797 288 1094 335 supplicationibus
1124 289 1283 331 inclinati,
1313 288 1399 334 quod
1429 299 1530 334 super
1559 288 1621 323 hoc
1659 290 1700 324 ab
1738 291 1856 325 codem
1890 291 1988 336 Rege
2022 295 2075 337 pie

220 363 259 384 ac
288 349 427 396 provide
455 349 577 384 factum
607 353 670 386 est,
700 354 805 383 ratum
834 354 867 383 et
894 352 1024 394 gratum
1054 348 1217 383 habentes
1255 349 1287 383 id
1323 352 1518 383 auctoritate
1555 351 1738 395 apostolica
1775 353 2008 387 contii-mamus
2044 357 2075 386 et

220 413 385 457 presentis
413 412 526 456 scripti
555 412 740 456 patrocinio
769 412 1019 444 communimus.
1050 409 1136 444 Nulli
1164 420 1246 454 ergo
1274 411 1335 443 dcc.
1366 414 1481 444 nostre
1510 411 1771 445 confirmationis
1799 411 1983 457 infringere
2011 415 2074 448 &c

221 471 338 506 Datum
367 471 539 505 Avinione
568 470 664 504 Xlllt
694 470 862 504 Kalendas
894 469 1099 516 Septembris
1128 469 1229 504 Anno
1258 468 1366 504 Nono.

529 548 682 583 (Aus,den
707 548 785 582 Orig.
810 549 881 582 Reg,
907 548 1040 574 Clemens
1072 548 1120 573 VI.
1150 548 1199 575 lib.
1231 550 1258 575 2.
1295 557 1370 582 pars.
1402 550 1427 577 ἱ),
1460 557 1525 582 pag.
1558 550 1595 573 68
1626 550 1711 583 epist.
1748 551 1823 575 1114
1858 551 1885 576 ἰιι
1917 551 2075 578 xidimirter

632 600 780 626 Abschrift
804 600 979 633 mitgethcilt
1004 608 1058 625 von
1087 601 1135 626 Dr.
1163 601 1192 625 R.
1221 600 1341 636 Dudik.)

1106 746 1207 780 104.

222 826 329 870 Papsl
361 825 516 858 Clemens
553 824 607 859 ΓΙ.
638 823 803 869 ὓεείᾱὶἰῃι
831 824 885 858 die
917 824 1100 868 Graemdmeq
1129 823 1188 857 des
1218 824 1514 858 Nonnenlcloscers
1542 827 1574 859 in
1603 826 1774 860 Pus-limes
1803 827 1870 861 med
1896 827 1950 861 dle
1972 828 2079 861 Guecr

713 884 900 919 desselben.
930 884 991 918 Dt.
1020 884 1182 929 Ariqnon
1213 884 1271 918 19.
1302 885 1439 930 Auqnst
1470 885 1581 920 1351.

379 948 555 1002 Clemens
583 966 771 1013 Episcopus
800 966 931 1001 Servus
960 967 1143 1001 Servorum
1174 967 1236 1001 Dei
1266 967 1402 1002 Dilectis
1431 972 1463 1002 in
1493 968 1624 1003 Christo
1661 970 1789 1004 liliabus
1820 998 1826 1004 .
1858 998 1864 1005 .
1896 972 2072 1006 Abbatisse

225 1033 255 1061 ct
292 1028 479 1061 Gonventui
516 1026 711 1061 Monasterii
745 1027 1052 1061 Sanctimonialium
1091 1028 1131 1062 ad
1166 1028 1343 1063 Infantiam
1379 1029 1499 1063 Christi
1532 1032 1565 1064 in
1602 1030 1758 1065 Pustimir
1793 1031 1928 1066 Ordinis
1970 1037 2078 1067 sancti

229 1087 400 1122 Benedicti
429 1086 625 1122 Olomucen.
655 1087 798 1122 diocesis
827 1088 973 1122 Salutem
1010 1092 1041 1121 et
1069 1089 1298 1134 Apostolicam
1328 1089 1612 1125 Benedictionem.

381 1148 462 1183 Cum
497 1160 516 1182 a
549 1148 645 1183 nobis
680 1151 803 1195 petitur
836 1149 922 1193 quod
957 1152 1077 1183 iustum
1115 1154 1166 1183 est
1198 1154 1230 1183 et
1266 1150 1439 1185 honestum
1469 1155 1534 1185 tam
1562 1155 1662 1197 vigor
1690 1155 1844 1198 equitatis
1873 1164 1969 1199 quam
1998 1153 2081 1187 ordo

226 1213 331 1255 exigit
358 1213 507 1252 rationis,
536 1214 570 1243 ut
597 1210 629 1243 id
657 1220 717 1255 per
745 1209 986 1243 solicitudinem
1024 1209 1126 1244 oflicii
1163 1214 1268 1244 nostri
1297 1211 1338 1245 ad
1368 1211 1511 1245 debitum
1540 1213 1741 1258 perducatur
1769 1214 1934 1250 effectum.
1991 1214 2080 1248 Sane

226 1270 372 1305 exhibita
406 1270 500 1305 nobis
537 1281 597 1316 pro
634 1274 729 1316 parte
763 1275 878 1305 vestra
907 1273 1023 1316 petitio
1052 1271 1256 1317 continebat,
1293 1272 1378 1318 quod
1410 1271 1608 1307 Carissimus
1636 1276 1669 1307 in
1699 1273 1828 1309 Christo
1855 1274 1941 1309 filius
1970 1279 2082 1308 noster

226 1331 365 1365 Carolus
394 1331 621 1366 Romanorum
651 1336 684 1365 et
712 1331 851 1365 Boemie
880 1331 956 1365 Rex
984 1331 1120 1365 Illustris
1149 1336 1226 1366 tunc
1254 1331 1404 1367 Marchio
1432 1332 1619 1368 Moravien.
1650 1334 1691 1368 de
1719 1335 1825 1369 salute
1852 1338 1986 1381 propria
2015 1347 2078 1369 οο-

225 1394 348 1436 gitans,
386 1397 417 1426 et
453 1395 592 1438 cupiens
627 1396 761 1426 terrena
798 1395 829 1425 in
864 1392 1001 1426 celestia
1029 1397 1062 1426 et
1091 1395 1282 1427 transitoria
1310 1396 1342 1427 in
1371 1398 1487 1428 eterna
1515 1393 1605 1428 felici
1634 1398 1835 1430 commercio
1864 1401 2078 1433 commutare.

227 1452 324 1487 vobis
353 1457 386 1486 et
413 1452 620 1487 Monasterio
649 1458 762 1487 vestro
791 1464 850 1499 per
878 1453 1105 1487 venerabilem
1129 1453 1264 1487 fratrem
1286 1458 1434 1488 nostrum
1453 1454 1640 1489 Johannem
1659 1455 1861 1502 Episcopum
1883 1456 2078 1491 Olomucen.

227 1513 268 1547 de
302 1524 392 1547 novo
427 1512 577 1556 fundato,
614 1519 647 1547 nt
682 1526 745 1548 una
785 1525 859 1547 cum
895 1514 982 1548 dicto
1011 1514 1180 1560 Episcopo
1215 1514 1363 1548 eiusdem
1393 1514 1586 1549 Monasterii
1616 1520 1812 1551 censeretur
1840 1517 1995 1552 fundator
2022 1530 2082 1565 pro

228 1585 288 1608 sne
318 1578 349 1608 et
377 1574 468 1608 clare
496 1577 656 1608 memorie
685 1574 857 1609 Elizabeth
886 1574 1017 1620 Regine
1047 1575 1183 1608 Boemie
1211 1578 1385 1619 genitricis
1413 1587 1473 1609 sue
1502 1580 1534 1610 et
1553 1576 1690 1610 aliorum
1720 1580 1968 1622 progenitorum
1998 1590 2082 1613 suo-

229 1645 301 1668 rum
329 1637 511 1668 animarum
546 1635 695 1668 remedio
724 1635 940 1669 hereditatem
969 1639 1001 1668 et
1030 1635 1115 1669 bona
1143 1646 1205 1681 per
1233 1640 1369 1670 mortem
1404 1636 1569 1682 quondam
1600 1637 1764 1671 Brunonis
1800 1638 1841 1671 de
1869 1638 2082 1673 Draczewitz

230 1693 336 1729 fidelis
376 1698 427 1728 sui
462 1697 534 1729 sine
563 1695 687 1729 herede
715 1695 863 1729 defuncti
893 1695 932 1729 ad
962 1707 1034 1729 eum
1066 1697 1212 1740 legitime
1241 1696 1408 1739 devoluta,
1443 1697 1599 1731 videlicet
1627 1700 1840 1731 munitionem
1870 1698 2082 1733 Draczewitz

230 1765 306 1788 cum
335 1753 421 1788 Villa
449 1754 640 1789 Nincowitz
671 1755 869 1789 Schoenbol'
894 1755 1124 1789 Piziestabnllz
1152 1758 1235 1800 (sic)
1254 1757 1409 1791 Zwicow
1438 1762 1471 1791 et
1498 1757 1728 1792 Luhatzowitz
1756 1759 1852 1793 villas
1882 1763 1914 1793 et
1941 1760 2081 1794 mediam

232 1815 343 1849 villam
372 1814 533 1848 Lowtzitz
561 1818 593 1849 in
622 1815 853 1850 Marchionatu
882 1827 942 1850 sno
961 1816 1147 1851 Moravien.
1177 1820 1258 1851 sitas
1278 1829 1352 1851 cum
1373 1818 1541 1861 censibus,
1571 1818 1764 1859 redditibus,
1794 1820 1967 1857 iudicibus.
1996 1833 2081 1867 pro-

231 1874 406 1917 ventibus,
440 1875 646 1919 hominibus,
683 1876 827 1919 iuribus,
862 1876 1041 1911 honoribus
1080 1882 1112 1910 et
1149 1877 1340 1912 utilitatibus
1375 1890 1448 1912 cum
1485 1881 1576 1923 agris
1612 1879 1707 1913 cultis
1735 1884 1767 1913 et
1795 1881 1937 1924 incultis,
1966 1885 2081 1927 pratis.

232 1938 385 1982 pascuis,
425 1936 540 1979 silviS,
575 1937 785 1979 nemoribus,
821 1937 964 1971 rubetis.
1010 1937 1255 1975 venationibus,
1296 1939 1505 1983 molendinis,
1543 1943 1648 1986 aquis,
1691 1951 1850 1986 aquarum
1878 1941 2083 1987 decursibus,

233 1998 388 2043 piscims,
433 1996 689 2042 piscationibuS.
733 1998 1005 2043 aucupationibus
1051 2009 1126 2032 cum
1166 2002 1256 2033 omni
1302 2003 1394 2043 iure,
1438 2003 1641 2047 proprietate
1701 2005 1733 2035 et
1783 2001 1929 2036 dominio
1970 2003 2081 2049 pleno.

234 2067 347 2099 mero,
382 2060 487 2091 mixto
522 2058 591 2091 utili
629 2063 662 2091 et
696 2058 838 2101 directo,
882 2070 955 2092 cum
998 2062 1067 2093 iure
1106 2064 1300 2105 patronatus
1345 2062 1489 2095 ecclesie
1531 2064 1564 2095 in
1606 2061 1691 2096 dicta
1726 2062 1803 2097 villa
1840 2063 2013 2098 Lowitzitz
2052 2068 2085 2097 et

235 2128 309 2151 cum
338 2117 489 2152 omnibus
519 2122 551 2152 et
579 2119 718 2163 singulis
747 2122 954 2164 pertinentiis
982 2123 1061 2163 suis,
1099 2131 1171 2153 cum
1203 2132 1240 2154 ca
1272 2123 1462 2165 integritate
1492 2134 1554 2167 qna
1586 2127 1617 2156 et
1646 2134 1742 2168 quem
1772 2123 1945 2158 admodum
1975 2125 2082 2159 dictus

236 2178 347 2212 Brnno
376 2177 592 2213 hereditatem
628 2184 660 2213 et
695 2180 779 2213 bona
817 2180 933 2214 eadem
961 2181 1171 2227 possederat,
1211 2186 1242 2214 et
1271 2187 1368 2227 prout
1397 2182 1435 2216 ad
1466 2183 1605 2216 eundem
1637 2183 1788 2217 Carolum
1819 2190 1911 2219 erant
1940 2190 1971 2219 nt
2000 2197 2083 2231 pre-

236 2240 369 2272 mittitur
403 2238 570 2282 devoluta,
610 2242 662 2285 pia
693 2244 723 2273 ct
752 2240 890 2285 provida
918 2240 1114 2275 liberalitate
1146 2241 1282 2275 contulit
1311 2246 1342 2275 et
1371 2242 1520 2286 donavit.
1557 2248 1653 2289 prout
1690 2247 1722 2277 in
1758 2244 1943 2290 patentibus
1980 2246 2081 2279 literis

235 2298 312 2332 inde
341 2298 505 2333 confectis
534 2300 682 2334 eiusdem
715 2300 823 2334 Caroli
859 2305 936 2334 tnnc
965 2301 1170 2336 Marchionis
1208 2302 1316 2346 sigillo
1351 2306 1492 2346 munitis,
1530 2315 1666 2348 quarum
1696 2309 1844 2339 tenorem
1874 2307 2083 2351 presentibus

235 2361 339 2392 inseri
367 2358 506 2393 fecimus
535 2360 666 2405 plenius
696 2364 894 2395 continetur.
926 2361 994 2395 Nos
1024 2365 1133 2408 itaque
1162 2366 1286 2396 vestris
1315 2364 1542 2409 dictorumque
1562 2364 1723 2399 Johannis
1744 2365 1900 2411 Episcopi
1921 2371 1953 2399 et
1973 2366 2083 2400 Caroli

236 2419 342 2464 Regis
372 2420 665 2466 supplicationibus
687 2422 845 2465 inclinati,
875 2422 959 2467 quod
981 2434 1082 2469 super
1110 2423 1286 2456 collatione
1307 2428 1338 2457 et
1358 2423 1539 2458 donatione
1558 2424 1744 2459 huiusmodi
1765 2425 1804 2459 ab
1825 2426 1941 2459 eodem
1963 2426 2083 2461 Carolo

238 2484 316 2512 tunc
343 2479 540 2514 Marchione
568 2484 621 2527 pie
651 2493 689 2515 ac
718 2482 858 2528 provide
887 2482 1008 2516 factum
1039 2488 1101 2517 est.
1130 2488 1237 2517 ratum
1266 2488 1297 2517 et
1324 2489 1454 2529 gratnm
1482 2485 1645 2520 habentes
1674 2486 1703 2519 id
1730 2489 1925 2520 auctoritate
1945 2492 2084 2533 aposto-

237 2539 300 2573 lica
329 2550 373 2573 ex
401 2545 494 2574 certa
525 2543 661 2575 scientia
690 2542 935 2586 confirmamus,
966 2547 998 2577 et
1025 2546 1188 2589 presentis
1217 2547 1330 2590 scripti
1359 2548 1544 2591 patrocinio
1563 2549 1814 2581 communimus.
1845 2547 1957 2581 Tenor
1977 2552 2087 2582 autem
