2206 2735
1115 49 1163 84 85

220 176 294 194 «ηιυ
327 180 364 208 3,.·
403 183 441 196 ,ιι
470 165 662 196 υοῃοίυἰυηι
691 164 825 195 nomine
853 164 1062 207 exponentes
1089 165 1121 194 et
1149 160 1358 194 declarantes
1387 158 1514 194 Causas
1542 159 1700 205 quasdam
1733 159 1833 203 longe
1861 162 2062 192 cunsW-‘xr-

219 225 316 267 dinis,
353 222 470 269 quibus
504 222 624 267 singuli
662 225 694 255 et
721 223 869 255 vniuersi
898 222 1038 255 vinearii
1067 231 1108 254 ac
1135 220 1326 264 Monticole‚
1362 220 1460 254 Ciues
1488 220 1639 266 predicti⁷
1669 231 1706 254 se
1734 223 1893 264 granatos
1923 222 2061 252 actenus

218 288 434 318 asseruerant
461 286 494 316 et
521 284 584 316 iam
613 282 721 315 multis
749 284 924 315 retroactis
952 280 1154 326 temporibus
1182 280 1338 325 fatigatos
1366 285 1519 327 pretextu
1543 279 1727 314 Vinearum
1756 290 1890 313 suarum
1917 281 1950 312 in
1970 278 2063 312 Aw-

219 355 320 390 speez
347 345 522 390 presertim
551 353 653 388 super
680 345 882 388 recepcione
908 341 1112 375 inmoderata
1142 341 1353 375 Decimarum
1383 339 1506 376 Annue
1535 340 1576 374 de
1604 340 1729 374 eisdem
1759 351 1819 386 per
1842 337 2062 372 Venerabiles

219 406 382 438 dominam
411 402 623 437 Abbatissam
653 407 684 436 et
713 401 919 436 Conuentum
948 401 1143 435 Monasterii
1172 402 1261 435 Aule
1290 401 1385 435 beate
1414 400 1519 435 Marte
1548 402 1687 444 virginis
1716 402 1747 432 in
1769 398 2063 444 Antiquassrunna

220 465 306 499 saeta
335 468 368 498 et
394 474 500 510 vsque
528 466 560 497 in
590 463 785 498 hodiernum
814 462 1002 505 obseruata,
1032 466 1166 507 propter
1194 473 1289 508 quam
1311 467 1343 495 et
1363 462 1551 507 specialiter
1571 461 1633 494 loci
1654 460 1849 494 distanciam
1870 462 1902 492 in
1923 457 2064 492 colendo

221 525 355 559 easdem
391 529 423 558 et
456 523 596 558 fruenda
633 527 696 570 ipsi
734 527 826 558 ciues
865 523 1029 556 defectum
1065 533 1158 556 suum
1188 525 1294 567 magis
1323 533 1419 567 quam
1448 521 1631 568 profectum
1665 520 1837 565 hucusque
1865 529 1902 553 se
1931 529 2065 563 cogno-

219 588 309 619 uisse
337 585 530 618 retulerunt.
568 584 644 631 Ipse
680 595 810 631 quoque
843 583 995 617 dominus
1032 582 1181 617 Mai-chio
1218 587 1357 629 accepta
1391 581 1564 616 fauorabili
1598 580 1804 626 benignitate
1840 579 2064 625 deposicionis

220 645 368 680 eiusdem
396 648 484 679 serie
512 645 654 680 Causam
683 648 786 691 ipsam
814 644 984 678 Mandauit
1012 647 1168 678 continuo
1196 643 1334 689 prefatis
1363 643 1494 676 domine
1523 641 1705 676 Abbatisse
1733 645 1766 674 et
1786 639 1971 674 Conuentui
2001 639 2064 672 de-

219 709 389 740 nuncciari
418 706 527 740 debite
555 711 585 740 et
615 709 687 741 sine
715 716 844 751 quaque
872 706 1000 739 lesione
1027 707 1076 738 rei
1103 704 1334 738 ecclesiastice
1363 703 1588 737 decidendam.
1636 701 1709 743 Quo
1737 701 1825 735 facto
1855 702 1964 734 statim
1993 702 2065 745 ipse

217 770 367 810 virgines
397 769 427 800 in
458 766 648 801 Venerabili
685 777 798 800 earum
838 765 988 812 Capituto
1021 775 1114 798 more
1148 765 1244 798 solito
1280 769 1487 809 congregate
1522 763 1694 808 sollempni
1732 763 1998 807 pertractacione
2034 765 2065 792 et

217 828 357 861 consilio
387 827 609 861 decernebant
638 827 831 861 Judicantes
861 837 996 860 causam
1023 829 1130 872 ipsam
1168 827 1200 858 in
1238 830 1307 858 toto
1345 825 1385 858 de
1420 835 1479 858 sua
1516 828 1610 870 parte
1646 827 1743 869 prout
1782 822 1932 855 fecerunt
1968 820 2065 866 plena

218 892 412 921 auctoritate
441 887 570 922 arbitris
600 892 631 921 et
659 886 887 921 diffinitoribus
916 891 1008 920 certa
1046 886 1348 931 compromissione
1384 884 1525 919 adhibita
1560 883 1838 918 committendam.
1896 882 2065 926 Similique

219 948 315 981 modo
344 951 513 981 memorati
549 947 647 981 Ciues
683 958 742 993 pro
779 958 838 981 sua
873 950 966 993 parte
1003 949 1036 980 in
1071 945 1224 987 arbitros
1261 945 1474 979 arbitratores
1511 949 1543 978 et
1578 944 1771 977 diffinitores
1807 943 1987 986 legittimos
2027 952 2064 974 ac

217 1007 473 1054 superarbitros.
503 1012 537 1041 ut
564 1010 740 1054 supperius
769 1012 800 1041 et
829 1007 943 1041 subter
970 1009 1166 1049 annectitur,
1197 1008 1496 1052 compromiserunt
1524 1007 1556 1038 in
1585 1004 1735 1038 solidum.
1765 1002 1836 1036 Nos
1865 1005 1974 1047 itaque
2003 1000 2065 1034 Dei

217 1071 349 1102 nomine
377 1071 533 1102 invocato
564 1071 639 1102 vice
668 1072 865 1102 sacramenti
891 1067 1075 1112 Religionis
1104 1070 1166 1101 iam
1196 1067 1282 1100 dicta
1310 1070 1452 1111 gratuite
1481 1067 1722 1111 assumpsimus
1751 1063 1882 1097 arbitria
1902 1061 2065 1096 Nolentes

220 1131 305 1162 sieut
333 1139 397 1162 nec
426 1129 600 1163 debuimus
629 1140 699 1162 rein
728 1130 949 1163 ecclesiastici
985 1131 1126 1162 nominis
1165 1128 1271 1173 aliqua
1307 1128 1553 1160 inconuenienti
1590 1128 1738 1159 nouitate
1772 1124 1844 1157 fore
1880 1122 2064 1156 ledendum.

220 1188 350 1223 Auditis
379 1194 412 1223 et
439 1189 615 1223 intellectis
645 1188 807 1235 omnibus7
837 1200 899 1234 que
927 1199 1028 1234 super
1055 1191 1166 1221 causis
1195 1193 1227 1221 et
1257 1190 1390 1221 materia
1420 1186 1568 1233 predicta
1597 1185 1711 1218 dicere
1739 1189 1770 1217 et
1790 1183 1967 1218 ostendere
1987 1183 2066 1216 vol-

218 1254 335 1283 uerunt
364 1261 408 1283 ex
435 1253 607 1295 Vtriusque
635 1252 736 1296 partis
765 1249 941 1294 diligenter
968 1251 1169 1293 investigata
1199 1253 1229 1281 et
1259 1251 1391 1292 cognita
1428 1246 1597 1280 voluntate
1631 1256 1690 1291 pro
1726 1244 1825 1278 bono.
1862 1244 1998 1277 utilitate
2033 1247 2065 1276 et

219 1310 359 1344 comodo
389 1310 581 1344 Monasterii
609 1315 641 1344 et
670 1310 794 1344 Cinium
826 1310 986 1343 dictorum
1015 1321 1058 1343 ex
1087 1312 1205 1353 vigore
1230 1309 1460 1354 compromissi
1481 1306 1617 1353 predicti
1637 1308 1668 1339 in
1688 1316 1749 1339 nos
1771 1304 1846 1338 facti
1866 1303 2066 1348 Laudamus7

220 1370 426 1414 arbitramur,
457 1372 607 1415 dioniius,
637 1374 895 1418 pronunciamus
925 1375 1023 1415 atque
1043 1369 1248 1411 mandamus,
1275 1368 1368 1409 Quod
1390 1368 1429 1401 de
1450 1366 1639 1401 melioribus
1652 1365 1823 1399 'Montibus
1845 1367 1875 1397 in
1898 1366 2066 1409 Awspecz

219 1436 251 1464 et
279 1430 515 1473 Circumcircm
546 1443 682 1478 quorum
712 1435 843 1465 nomina
873 1441 932 1476 per
960 1435 1062 1464 totum
1090 1434 1162 1463 sunt
1191 1429 1265 1463 hec.
1295 1429 1407 1462 Primo
1437 1427 1640 1473 Sti-azperch
1668 1426 1821 1460 Inferior.
1850 1425 1933 1458 Item
1963 1424 2065 1457 Alin-

219 1491 319 1537 percb
348 1491 502 1535 inferior3
542 1495 618 1525 item
656 1490 999 1537 Pawmgartenperch
1036 1495 1147 1537 preter
1182 1501 1280 1524 vnam
1319 1489 1460 1523 Vineam
1498 1493 1632 1522 assitam
1670 1487 1764 1521 Iherr
1798 1490 1963 1526 vocatam,
2002 1496 2065 1529 que

220 1552 318 1585 soluit
345 1563 418 1585 cum
448 1552 628 1586 leuioribus
659 1553 786 1595 Vincis,
815 1552 894 1585 Item
926 1550 1282 1597 Steyerwiczerperch
1312 1549 1464 1592 Inferior7
1494 1549 1573 1582 Item
1595 1549 1658 1581 duo
1679 1547 1809 1581 Mittern
1831 1546 2063 1591 Rosenperge.

219 1611 300 1645 Item
331 1612 541 1658 Steynperch
570 1624 676 1659 vsque
705 1613 744 1646 ad
774 1613 957 1658 Spinetunn
987 1612 1066 1645 Item
1097 1611 1263 1653 Hawnolt,
1303 1621 1360 1656 pro
1389 1609 1479 1643 Vrna
1518 1608 1661 1654 qualibet
1697 1609 1862 1641 communi
1900 1610 1932 1639 et
1970 1608 2063 1647 iusta.

220 1684 282 1718 qua
311 1672 428 1706 ibidem
459 1679 634 1707 conswete
663 1676 780 1706 emitur
809 1677 841 1706 et
868 1672 1033 1715 venditur„
1064 1671 1185 1705 debent
1214 1671 1282 1704 dari
1312 1669 1453 1703 Nomine
1482 1669 1620 1702 Decime
1641 1667 1791 1713 Quinque
1819 1669 1930 1711 grossi
1957 1666 2065 1698 dena-

221 1736 342 1766 riorum
373 1733 589 1778 I'ragensium
618 1734 792 1768 vsuatium.
824 1733 904 1766 Item
931 1733 971 1766 de
997 1732 1221 1767 Mediocribus
1242 1731 1408 1765 Montibus
1430 1733 1601 1763 vinearum
1622 1727 1753 1761 ibidem.
1775 1737 1911 1771 quorum
1934 1729 2064 1759 nomina

222 1798 296 1826 sunt
324 1793 397 1827 bec.
429 1793 536 1826 Primo
566 1792 887 1838 Mitternhaselngut.
917 1792 999 1826 Item
1029 1793 1101 1826 Duo
1130 1792 1261 1826 Montes
1298 1792 1374 1825 dicti
1410 1788 1671 1835 Schonenperch
1708 1793 1739 1821 et
1774 1787 2061 1831 Scironenperget.

222 1854 302 1886 ltem
339 1853 486 1887 Morker.
523 1853 603 1887 Item
639 1853 860 1899 Feyalberch,
895 1853 975 1887 Item
1014 1853 1215 1899 Strazpercli
1251 1855 1412 1898 superior.
1449 1851 1529 1884 Item
1567 1848 1749 1895 Aliupercli
1785 1851 1946 1892 superior.
1985 1846 2063 1879 Item

222 1914 579 1960 Steyerwiczerperch
609 1917 771 1959 superior‚
800 1914 881 1948 Item
910 1914 1056 1959 IVysen.
1079 1913 1158 1947 Item
1180 1911 1538 1958 Nycotcziczerpcreh.
1561 1908 1641 1944 Item
1664 1907 2063 1952 Starwiczerstrazpercli

222 1975 342 2008 debent
371 1975 440 2008 dari
468 1978 601 2007 nomine
631 1975 767 2008 Decime
794 1986 853 2020 pro
885 1974 973 2008 Vrna
1003 1974 1149 2020 predicta
1180 1973 1327 2014 Quatuor
1363 1975 1474 2016 grossi
1509 1971 1668 2003 dictorum
1707 1969 1927 2002 denariorum.
1983 1967 2064 2000 Item

222 2036 262 2068 de
291 2035 540 2070 aliis,‹‘mmilms
571 2035 747 2069 leuioribus
783 2046 840 2069 seu
880 2034 1103 2068 humilioribus
1138 2033 1303 2067 Montibus
1340 2043 1400 2078 per
1438 2036 1549 2073 totunn
1588 2033 1640 2075 qui
1676 2033 1750 2063 suut
1788 2033 1819 2061 et
1858 2031 1887 2061 iu
1924 2027 2063 2060 futurum

223 2096 467 2140 plantalmntur,
497 2095 616 2129 debent
648 2096 717 2129 dari
746 2098 878 2129 nomine
907 2096 1035 2128 decime
1064 2106 1122 2140 pro
1142 2094 1234 2128 Vrna
1257 2093 1384 2139 prefata
1405 2092 1489 2125 Tres
1509 2093 1617 2135 grossi
1640 2089 1848 2122 denariorum
1871 2087 2061 2120 eorundem.

223 2156 303 2189 ltem
332 2155 467 2189 Notario
496 2156 652 2189 vindemii
683 2156 776 2189 detur
809 2159 941 2189 nomine
979 2156 1108 2190 Sallarii
1145 2159 1175 2188 iu
1212 2158 1371 2188 vniuerso
1407 2152 1447 2185 de
1484 2151 1624 2197 qualibet
1662 2154 1790 2193 integra
1828 2148 1933 2182 Vinea
1971 2147 2063 2180 Vnus

222 2227 374 2261 grossus
405 2216 445 2249 de
472 2216 580 2250 Media
611 2219 708 2249 vinea
738 2215 868 2250 Medius
896 2227 1046 2261 grossus,
1077 2215 1118 2248 de
1147 2215 1294 2256 Quartali
1323 2217 1422 2247 vinee
1452 2213 1536 2246 Tres
1567 2211 1743 2245 italienses.
1778 2209 1858 2243 Item
1889 2219 1960 2241 cum
1990 2210 2064 2253 pri-

225 2288 309 2310 mum
339 2279 371 2310 in
400 2288 482 2310 vero
512 2277 611 2310 debiti
640 2280 794 2322 temporis
823 2276 997 2310 Vindemio
1026 2275 1146 2310 Tribus
1175 2275 1288 2308 diebus
1325 2274 1364 2308 ab
1398 2276 1495 2307 inicio
1531 2275 1643 2318 primis
1672 2270 1905 2304 vimteunatuin
1944 2268 2062 2301 ibidem

222 2336 332 2379 suerit.
363 2335 443 2371 Mox
474 2337 597 2377 Quarta
626 2337 677 2370 die
712 2340 861 2382 sequenti
898 2340 1044 2371 vniuersi
1082 2335 1180 2369 Ciues
1217 2335 1410 2368 Bruneuses
1445 2335 1610 2379 potuerint
1645 2331 1850 2364 vindemiare
1886 2333 1915 2361 et
1953 2330 2061 2360 statim

223 2408 295 2430 cum
326 2398 564 2442 postulauerint
592 2408 609 2430 a
639 2384 893 2431 decimatoribus
922 2397 960 2431 ad
990 2397 1201 2430 deducturam
1231 2398 1262 2428 in
1292 2394 1482 2439 recipiendo
1512 2393 1680 2426 Decimam
1711 2390 1829 2423 debent
1859 2393 1888 2422 ut
1918 2391 2062 2433 premit—

222 2461 298 2491 titur
327 2458 487 2503 expediri.
519 2458 596 2491 Item
626 2461 713 2491 omni
742 2459 841 2492 Anno
871 2458 1022 2491 ammodo
1051 2457 1160 2490 Iudex
1188 2459 1218 2489 in
1244 2457 1412 2500 Awspecz
1441 2455 1617 2498 assumptis
1647 2451 1763 2484 ibidem
1786 2449 1933 2490 Quatuor
1960 2448 2062 2481 Jura-

223 2520 275 2551 tis.
305 2521 357 2562 qui
387 2529 445 2563 pro
474 2522 622 2563 tempore
650 2518 771 2552 fuerint
799 2518 863 2552 side
891 2529 949 2552 sua
980 2518 1123 2551 dominio
1152 2522 1183 2549 et
1210 2518 1417 2549 vniuersitati
1447 2517 1581 2560 prestita
1613 2516 1754 2546 statuant
1784 2520 1931 2556 precium
1960 2508 2062 2542 Puta—
