2206 2735
1082 64 1153 99 159

1065 229 1173 264 201.

192 309 331 344 Jolaann
359 309 510 352 Bisckos
530 319 596 342 von
627 307 758 341 Olmutz,
787 306 972 352 besldtz‘qet
1000 307 1054 340 die
1074 306 1290 352 Schenkuny,
1321 307 1448 341 welche
1469 307 1575 341 Clara
1594 319 1659 342 von
1678 308 1818 342 Morbes
1838 309 1899 342 der
1917 308 2049 342 Kirclee

553 367 705 402 daselbst
731 367 891 413 yemaclat
919 367 1028 401 katte.
1076 367 1135 401 Dt.
1167 367 1316 401 Modritz
1350 367 1409 401 27.
1439 368 1539 401 Μανῆ
1570 367 1680 402 1353.

347 444 435 498 Nos
464 463 637 498 Johannes
665 463 729 497 Dei
758 467 791 497 et
818 461 1014 508 Apostolice
1053 462 1151 496 Sedis
1187 465 1301 507 gracia
1341 461 1576 497 Olomucensis
1606 462 1792 509 Episcopus
1829 463 1869 497 ad
1908 466 2045 498 uniuer—

194 535 304 558 sorum
334 528 399 557 tam
428 526 640 570 presencium
669 534 765 570 quam
786 522 968 556 futurorum
990 525 1144 556 noticiam
1165 523 1317 556 volumus
1338 525 1527 568 peruenire.
1558 522 1652 564 Quod
1678 534 1752 556 cum
1774 535 1790 556 3
1813 523 1906 557 nobis
1927 527 2049 570 petitur

195 584 279 630 quod
308 586 442 627 iustum,
478 586 566 630 pium
604 588 637 618 et
673 584 848 617 honestum
879 585 996 616 existit
1024 587 1057 616 et
1085 585 1261 629 presertim
1297 593 1357 628 per
1386 582 1470 628 quod
1501 582 1727 616 Ecclesiarum
1757 582 2047 628 indempnitatibus

193 649 225 678 et
253 647 435 678 animarum
464 644 560 679 saluti
590 644 792 691 peramplius
822 643 1017 690 prouidetur
1045 648 1109 677 tam
1138 646 1238 688 vigor
1266 646 1457 689 quantitatis
1487 654 1583 689 quam
1614 643 1695 677 ordo
1725 644 1867 689 postulat
1886 647 2045 687 racionis,

196 709 229 738 ut
257 705 289 739 id
317 716 377 751 per
406 704 661 739 sollicitudinem
688 707 792 738 nostri
821 703 934 745 officii,
964 708 1117 750 quantum
1149 706 1180 737 in
1210 703 1305 737 nobis
1334 708 1395 746 est,
1427 703 1466 737 ad
1493 703 1637 737 debitum
1658 704 1859 750 producatur
1879 704 2045 739 effectum.

193 765 282 799 Sane
318 765 494 810 religiosus
530 768 583 799 vir
615 765 718 799 frater
745 764 905 798 Nicotaus
942 764 1047 799 dictus
1077 764 1199 798 Consul
1229 763 1269 797 de
1298 763 1484 797 Trautnow
1514 763 1646 798 Ordinis
1676 764 1852 810 Sepulchri
1880 765 2046 800 Dominici

192 825 451 860 Jerosolimitani
485 826 609 860 Rector
638 825 842 860 Parocbialis
871 824 1028 859 Ecclesie
1066 828 1097 859 in
1127 824 1321 858 Morawans
1358 829 1471 858 nostre
1505 824 1671 871 Dyocesis
1708 827 1740 858 in
1776 829 1880 859 nostri
1915 830 2047 860 consti—

192 891 279 920 tutus
315 889 504 932 presencia,
541 886 704 932 quandam
740 890 906 932 patentem
941 887 1082 928 literam,
1120 897 1216 931 quam
1252 885 1292 919 dc
1321 884 1426 919 verbo
1456 884 1496 918 ad
1525 885 1664 919 verbum
1702 885 1914 931 presentibus
1944 890 2047 921 inseri

194 947 344 989 fecimus,
374 946 534 992 exhibuit7
564 947 728 981 humiliter
757 947 987 993 supplicand0‚
1013 951 1176 991 quatenus
1205 950 1308 992 ipsam
1342 950 1374 979 et
1394 950 1550 979 contenta
1570 949 1602 979 in
1623 957 1662 980 ea
1684 946 1870 992 approbare
1899 951 1930 980 et
1956 958 2046 981 con—

193 1007 325 1042 firmare
353 1011 448 1053 prout
476 1012 589 1041 nostra
618 1010 757 1041 interest
784 1011 971 1053 graciosius
1001 1007 1224 1052 dignaremur,
1255 1009 1348 1040 cuius
1379 1006 1509 1051 quidem
1538 1007 1634 1040 litere
1663 1011 1759 1040 tenor
1779 1011 1831 1041 est
1850 1008 1941 1041 talis:
1971 1007 2044 1053 Ego

195 1068 291 1101 Clara
322 1068 385 1102 filia
415 1068 577 1113 quondam
607 1067 709 1102 Ulrici
738 1068 778 1102 de
807 1068 982 1102 ltlorawan
1019 1068 1058 1101 ad
1088 1070 1320 1101 uniuersorum
1349 1070 1504 1101 noticiam
1534 1070 1632 1113 cupio
1661 1071 1850 1114 peruenire7
1887 1068 1972 1113 quod
2007 1068 2048 1102 de

193 1128 288 1162 bonis
317 1131 389 1162 siue
418 1128 517 1162 rebus
547 1128 643 1162 michi
673 1140 732 1174 per
760 1132 823 1162 iam
854 1129 976 1162 dictum
1005 1131 1191 1173 genitorem
1221 1128 1344 1161 relictis
1374 1132 1407 1161 et
1435 1128 1474 1161 ad
1503 1139 1556 1163 me
1584 1127 1809 1174 spectantibus
1838 1131 1955 1174 quouis
1972 1130 2048 1173 jure

195 1192 241 1223 sic
271 1189 431 1223 affectans
461 1188 640 1235 disponere
668 1192 701 1222 iu
730 1192 889 1235 presenti‚
929 1189 1015 1234 quod
1046 1193 1077 1222 et
1105 1191 1209 1234 ipsius
1240 1187 1408 1222 Genitoris
1437 1192 1501 1222 mei
1529 1188 1732 1223 voluntatem
1763 1189 1906 1222 ultimam
1937 1189 2047 1223 debite

194 1255 226 1284 et
255 1249 402 1296 perfecte
432 1261 583 1296 exequar
610 1254 642 1284 et
670 1252 703 1283 in
732 1252 892 1284 extremis
922 1253 1005 1284 meis
1037 1249 1280 1295 Omnipotentis
1309 1249 1371 1283 Dei
1391 1249 1607 1283 clemenciam
1629 1249 1726 1283 michi
1747 1252 1897 1283 inuenire
1917 1261 2048 1284 merear

193 1314 394 1356 graciosam,
430 1322 547 1355 agrum
585 1313 639 1356 qui
676 1310 794 1344 dicitur
830 1310 971 1344 Asanch
1005 1316 1037 1344 et
1067 1313 1098 1344 in
1127 1310 1257 1355 vulgari
1288 1309 1411 1356 Prayta
1445 1314 1595 1352 vocatur,
1631 1312 1794 1343 iacentem
1825 1314 1901 1343 ante
1931 1311 2045 1344 siluam

191 1371 319 1418 prefate
349 1371 425 1405 ville
453 1370 648 1405 Morawans
678 1374 883 1414 attinentem,
920 1372 1008 1416 lego,
1047 1371 1133 1405 dono
1163 1375 1194 1404 et
1224 1373 1300 1404 unio
1329 1372 1463 1403 nomine
1491 1373 1641 1416 perpetui
1676 1374 1863 1404 testamenti
1893 1370 2047 1404 Ecclesie

192 1432 312 1465 ibidem
349 1434 381 1465 in
411 1431 619 1474 Morawans‚
655 1436 751 1478 prout
788 1431 893 1466 dictus
923 1431 1020 1466 Pater
1055 1443 1147 1465 meus
1183 1435 1288 1477 ipsum
1323 1442 1439 1476 agrum
1470 1430 1577 1464 eidem
1606 1430 1760 1464 Ecclesie
1790 1431 1934 1473 donauit,
1974 1432 2047 1465 dis-

191 1495 300 1539 posuit
328 1492 491 1526 hactenus
520 1497 551 1526 et
579 1493 714 1537 legauit,
746 1495 793 1527 sic
822 1492 909 1538 quod
938 1495 970 1526 in
999 1495 1072 1538 ipsa
1100 1492 1251 1526 Ecclesia
1281 1503 1341 1538 pei·
1369 1491 1548 1536 quemlibet
1569 1494 1640 1526 eius
1662 1491 1840 1525 Rectorem
1862 1494 1932 1536 agri
1963 1504 2046 1538 pre-

192 1553 291 1587 habiti
326 1564 557 1599 possessorem
594 1564 658 1586 una
687 1553 789 1588 Missa
827 1553 868 1587 de
897 1553 1000 1587 Beata
1032 1553 1171 1597 Virgine
1199 1552 1301 1586 Maria
1343 1556 1374 1586 et
1411 1552 1567 1586 secundis
1596 1551 1687 1586 feriis
1720 1564 1778 1598 pro
1808 1552 1973 1586 defunctis
2002 1564 2047 1586 ex

192 1624 281 1647 nunc
309 1615 448 1659 singulis
478 1617 672 1659 septimanis
701 1626 760 1660 pro
790 1618 960 1660 parentum
991 1618 1022 1648 et
1051 1616 1233 1647 amicorum
1262 1624 1409 1646 meorum
1448 1624 1486 1646 ac
1517 1623 1590 1646 mee
1620 1615 1801 1646 animarum
1836 1612 1983 1646 remedio
2013 1615 2045 1646 in

193 1678 388 1720 perpetuum
417 1673 606 1708 celebretur
633 1679 665 1708 et
693 1679 726 1708 ut
756 1674 860 1708 Patris
890 1674 1023 1708 donatio
1053 1676 1124 1707 siue
1154 1678 1386 1707 testamentum
1417 1685 1434 1706 a
1465 1676 1595 1707 nemine
1624 1676 1730 1718 possit
1749 1676 1954 1719 inposterum
1976 1676 2045 1706 im-

193 1734 298 1780 pediri
331 1745 390 1768 seu
425 1734 631 1780 aliquatenus
660 1737 792 1778 irritari,
831 1736 980 1781 supplico
1009 1735 1172 1768 humiliter
1202 1739 1233 1767 et
1263 1733 1382 1767 deuote
1411 1733 1708 1767 Reuerendissimo
1737 1736 1768 1767 in
1801 1733 1931 1767 Christo
1957 1733 2045 1767 Patri

194 1799 227 1828 et
255 1795 397 1828 Domino
417 1794 558 1829 Domino
580 1794 793 1829 Olomucensi
814 1795 994 1841 Episcopo,
1025 1800 1188 1841 quatenus
1217 1798 1319 1840 ipsam
1350 1806 1408 1828 seu
1437 1797 1542 1840 ipsum
1573 1797 1641 1827 suis
1672 1794 1827 1838 dignetur
1855 1794 2044 1840 patentibus

194 1855 296 1889 literis
324 1855 495 1889 roborare.
525 1855 561 1889 lu
586 1859 679 1890 cuius
708 1859 755 1890 rei
785 1859 1004 1890 testimonium
1035 1856 1143 1900 sigilla
1173 1855 1422 1889 Honorabilium
1455 1854 1609 1888 Virorum
1639 1854 1771 1889 Domini
1800 1855 1949 1889 Henslini
1970 1855 2043 1888 Ar-

193 1916 282 1949 noldi
310 1927 371 1962 pro
399 1927 486 1950 nunc
516 1915 706 1950 Purchrauii
736 1919 767 1950 in
793 1915 941 1950 Modricz
970 1927 1008 1950 ac
1037 1915 1222 1950 Meiuliardi
1253 1916 1370 1950 Gallici
1400 1916 1439 1949 de
1470 1915 1609 1949 Durario
1639 1915 1678 1949 ad
1708 1927 1828 1961 preces
1858 1926 1961 1958 meas,
1990 1927 2043 1949 me

194 1976 302 2021 sigillo
332 1982 468 2010 carente
498 1980 644 2022 proprio,
674 1977 886 2023 presentibus
917 1982 993 2011 sunt
1022 1988 1180 2023 appensa.
1212 1977 1329 2011 Datum
1360 1976 1554 2010 Morawans
1585 1976 1636 2010 die
1661 1976 1808 2010 secundo
1835 1976 2043 2010 Parasceues

193 2049 280 2072 anno
302 2037 431 2085 Domini
453 2037 624 2071 millesimo
654 2040 886 2071 trecentesimo
917 2040 1191 2083 quinquagesimo
1220 2041 1335 2071 tercio.
1366 2037 1434 2071 Nos
1454 2040 1553 2081 igitur
1573 2037 1754 2083 supradicti
1780 2037 1891 2071 fratris
1911 2036 2040 2071 Nicolai

193 2097 490 2144 supplicationibus
519 2108 592 2132 cum
622 2100 687 2131 sint
715 2100 800 2132 iuste
829 2102 862 2131 et
889 2097 1109 2132 racionabiles
1138 2099 1284 2132 inclinati
1315 2098 1459 2142 benigne
1479 2103 1696 2132 memoratam
1717 2098 1844 2132 literam
1867 2101 1949 2131 etin
1971 2100 2041 2143 ipsa

194 2163 350 2192 contenta
386 2159 586 2193 ratificamus
621 2163 652 2192 et
686 2162 782 2204 prout
819 2158 856 2192 ad
887 2163 1034 2192 nostrum
1064 2163 1192 2205 spectat
1222 2158 1374 2193 Officium
1405 2162 1570 2204 presentis
1601 2161 1714 2204 scripti
1740 2161 1925 2204 patrocinio
1954 2169 2041 2192 con-

194 2219 372 2253 firmamus.
401 2219 438 2253 In
466 2222 559 2253 cuius
588 2223 634 2252 rei
664 2222 884 2253 testimonium
914 2224 1089 2264 presentes
1119 2219 1188 2253 sieri
1218 2224 1249 2252 et
1278 2221 1395 2252 minori
1425 2219 1533 2263 sigillo
1562 2224 1677 2253 nostro
1707 2221 1862 2252 iussimus
1884 2229 2039 2252 commu-

194 2283 266 2313 niri.
298 2279 418 2313 Datum
448 2279 596 2313 Modricz
625 2279 706 2313 feria
736 2284 849 2325 quarta
879 2280 964 2313 infra
993 2284 1130 2314 octauas
1160 2280 1237 2314 sesti
1266 2279 1392 2313 Pasche
1422 2290 1508 2313 311110
1539 2279 1669 2313 Domini
1699 2280 1871 2313 millesimo
1901 2284 2040 2312 trecen-

194 2344 311 2374 tesimo
340 2344 615 2387 quinquagesimo
645 2345 759 2374 tercio.

499 2420 577 2455 (Aus
602 2420 665 2446 dem
692 2419 770 2454 Orig.
796 2419 846 2445 des
871 2419 1012 2445 Zdbrazer
1037 2419 1177 2445 Archives
1206 2419 1324 2453 abgedr.
1349 2419 1377 2444 in
1403 2418 1498 2446 Dobn.
1525 2419 1600 2446 Mon.
1626 2419 1674 2445 IV.
1702 2419 1788 2453 344.)
