2206 2735
1131 88 1204 122 249

1117 245 1226 280 311.

984 339 1043 373 21.
1075 339 1209 384 Ait-(Just
1241 340 1351 374 1355.

390 426 551 480 Carolus
580 445 637 479 lV.
670 449 852 492 imperator
886 449 919 479 et
947 444 1093 479 Boemi:e
1135 456 1196 478 rex
1240 445 1412 479 conlirmat
1455 446 1559 480 ordini
1603 451 1852 493 crucigerorum
1890 461 1961 484 cuni
2001 452 2096 486 stella

233 510 345 541 onmia
374 508 549 552 privilegia
580 512 612 540 ct
641 509 892 553 possessiones.
922 518 994 552 quie
1023 510 1054 540 et
1083 517 1166 551 quas
1195 506 1234 539 ab
1265 508 1337 550 ejus
1368 508 1641 542 antecessoribus
1663 508 1807 544 Otacaro
1836 515 1867 544 et
1888 511 2098 547 VVenceslao

235 567 456 601 obtinuerant.
488 567 578 601 Inter
607 572 710 602 testes
740 568 860 611 legitur
887 567 1066 600 ,lohannes
1096 569 1277 611 episeopus
1309 568 1554 602 Olonmceiisis.
1616 569 1733 604 Datum
1766 571 1879 607 Pras-ze
1914 573 2010 607 1355
2042 577 2098 607 in-

234 628 378 662 dictione
409 632 540 662 octava.
573 628 647 662 Xll.
679 627 751 661 Kal.
783 627 1000 673 Septembris.

545 724 748 759 (Abgedruekt
772 724 800 748 in
827 723 932 749 Pelzl's
957 724 1029 749 Kar-l
1055 724 1109 752 lv.
1136 725 1325 750 ifrkundenb.
1350 735 1412 751 zum
1440 727 1471 753 ll.
1498 727 1550 752 Th.
1577 736 1604 760 p.
1631 728 1718 757 375³]

1109 915 1216 950 312.

286 1003 359 1036 Das·
398 1002 676 1036 ‚X'mnmulrloster
718 1003 750 1034 22¹1
799 1001 958 1035 θεῖσα-(ιη
1001 1002 1160 1045 rerlsffltlt
1201 1003 1263 1036 den
1306 1003 1457 1046 Freilaeos
1493 1006 1525 1037 iu
1570 1005 1719 1039 Nemeac.
1778 1006 1835 1040 Bt.
1877 1006 2038 1040 Oslmrnu

979 1071 1038 1104 23.
1069 1072 1205 1115 Ααφιεί
1236 1072 1346 1106 1355.

384 1148 472 1200 Nos
501 1166 673 1200 Elisabeth
703 1166 897 1201 Abbatissa.
941 1166 1087 1211 Hedwig
1118 1167 1290 1201 Priorissa.
1349 1168 1519 1202 Elisabeth
1552 1170 1788 1216 subprior-issa.
1847 1171 2090 1216 Cbunegundis

226 1228 410 1262 Celeraria.
441 1228 612 1274 Totnsque
640 1228 833 1261 Conuentus
864 1228 1163 1262 sanctimonialium
1184 1227 1380 1263 Monasterii
1402 1229 1507 1264 Vallis
1528 1236 1644 1264 sancte
1665 1230 1770 1265 Marie
1800 1235 1830 1266 in
1853 1232 1932 1266 Osla
1955 1233 2089 1267 Ordinis

227 1289 464 1323 Cisterciensis
495 1287 728 1322 Olomucensis
759 1289 906 1322 diocesis
936 1293 1214 1334 recognoscimus
1244 1294 1274 1323 et
1310 1294 1427 1323 tenore
1456 1293 1667 1336 presencium
1698 1293 1891 1337 profitemur
1921 1297 2089 1327 vniuersis

227 1349 323 1390 Quod
354 1348 551 1394 vrgentibus
581 1360 642 1383 nos
672 1348 856 1383 debitorum
887 1354 918 1383 et
947 1350 1084 1383 aliarum
1114 1354 1370 1396 oportunitatum
1401 1350 1570 1391 oneribus,
1603 1357 1730 1386 maturo
1751 1354 1890 1386 consilio
1921 1357 2088 1388 internos

227 1410 400 1455 prehabito
430 1415 461 1443 et
492 1410 696 1455 precedente
726 1415 867 1444 tractatu
905 1411 1079 1456 sollempni
1117 1411 1157 1443 de
1186 1415 1351 1444 communi
1395 1423 1564 1446 consensu
1608 1417 1753 1447 omnium
1785 1420 1932 1448 nostrum
1962 1419 2087 1449 curiam

227 1476 372 1504 nostram
404 1471 541 1505 liberam
571 1474 602 1504 in
633 1471 710 1505 villa
741 1471 946 1516 Nempcliicz
982 1474 1075 1504 sitam
1112 1483 1184 1505 cnm
1222 1471 1351 1505 dnobus
1381 1477 1411 1505 ft
1443 1473 1575 1506 dimidio
1605 1474 1711 1507 laneis
1741 1475 1779 1507 ad
1810 1476 1950 1509 eandem
1981 1480 2088 1522 perti—

225 1531 380 1565 nentibus
410 1532 449 1564 ad
480 1543 542 1565 nos
571 1536 603 1565 et
632 1532 671 1565 ad
701 1532 822 1565 dictum
852 1536 1002 1565 nostrum
1033 1531 1270 1565 Monosterinm
1301 1538 1509 1578 spectantem
1540 1534 1694 1568 discretis
1725 1539 1806 1569 viris
1837 1536 1968 1570 domino
1990 1537 2088 1570 Petro

226 1592 368 1638 plebano
399 1595 429 1625 in
459 1592 706 1626 Droeslzowicz
736 1592 885 1638 predicte
916 1592 1061 1626 diocesis
1097 1597 1127 1625 et
1158 1593 1290 1626 domino
1320 1593 1556 1628 Bai-tholomeo
1586 1595 1624 1629 ad
1654 1607 1796 1641 presens
1825 1601 1930 1631 nostri
1959 1597 2086 1632 Mona—

225 1656 317 1686 sterii
357 1657 539 1698 preposito.
585 1652 803 1687 familiaribus
843 1657 873 1686 et
911 1653 1100 1698 Capellanis
1137 1656 1258 1687 nostris
1288 1654 1417 1689 dilectis
1454 1667 1513 1700 pro
1543 1656 1690 1689 sedecim
1720 1660 1843 1691 marcis
1873 1658 2084 1692 denariorum

224 1724 420 1755 grossorum
452 1714 671 1751 Prae-ensium
703 1717 830 1748 numeri
859 1719 890 1747 et
927 1717 1114 1759 pagamenti
1151 1714 1311 1748 Morauici
1342 1715 1437 1749 nobis
1467 1727 1527 1762 per
1556 1719 1646 1762 ipsos
1683 1720 1746 1750 iam
1784 1723 1859 1751 actu
1890 1722 1921 1752 in
1951 1722 2084 1764 integro

224 1777 406 1807 numeratis
435 1779 466 1807 et
504 1775 633 1809 solutis.
673 1776 834 1819 legittime
871 1775 1083 1808 vendidimus
1113 1779 1146 1808 et
1174 1775 1387 1820 presentibus
1418 1777 1587 1810 venditam
1617 1781 1829 1822 resignamus
1857 1790 1918 1825 per
1945 1781 2083 1814 eosdem

225 1834 376 1868 dominos
406 1835 538 1869 Petrum
568 1840 599 1868 et
630 1835 900 1869 Bartliolmneum
939 1836 992 1868 vel
1031 1846 1090 1880 per
1127 1847 1241 1869 eornm
1277 1837 1413 1869 alterum
1445 1838 1549 1870 altero
1580 1837 1736 1871 defuncto
1766 1839 1806 1872 ad
1836 1842 1984 1885 ipsorum
2016 1845 2083 1874 vite

223 1900 372 1940 tempora
402 1895 573 1929 dumtaxat
612 1895 796 1929 habendam
834 1896 1011 1929 tenendam
1055 1901 1087 1929 et
1129 1896 1365 1942 possidendam
1409 1909 1483 1931 cum
1514 1898 1666 1932 omnibus
1697 1904 1728 1932 et
1757 1901 1897 1944 singulis
1927 1904 2020 1935 curie
2050 1907 2081 1935 et

221 1957 392 1989 laneorum
423 1957 645 2002 predictorum
675 1957 837 1990 l'roctibns
868 1956 1083 2002 prouentibus
1112 1962 1143 1990 et
1172 1957 1437 1991 obuencionibus
1467 1961 1538 1992 sine
1569 1970 1671 1992 censu
1702 1960 1846 2005 quolibet
1875 1966 1906 1994 et
1936 1962 1976 1995 ab
2005 1973 2080 1996 om—

221 2015 316 2049 nibus
345 2022 376 2049 et
406 2016 607 2061 quibuslibet
637 2017 876 2051 exaccionibns
914 2029 953 2051 ac
988 2017 1293 2052 contrilnicionibus
1323 2029 1404 2063 quas
1435 2030 1601 2064 pauperes
1631 2025 1735 2054 nostri
1765 2020 1957 2056 Monasterii
2001 2024 2080 2057 dare

219 2080 391 2121 contingit.
409 2088 447 2110 ac
463 2078 655 2123 specialiter
671 2090 688 2110 a
719 2082 833 2112 steura
862 2078 982 2123 Regali
1011 2078 1149 2112 liberam
1180 2084 1211 2112 et
1241 2085 1442 2125 exemptam.
1474 2079 1519 2114 Ita
1551 2086 1582 2114 nt
1612 2081 1707 2115 (lictis
1737 2082 1877 2116 dominis
1907 2084 2079 2119 ambobus.

219 2137 260 2170 ab
277 2137 339 2171 hac
360 2138 580 2180 vitasublatis‚
598 2138 725 2183 prelata
747 2139 844 2173 Curia
864 2151 938 2173 cum
960 2139 1054 2174 dictis
1085 2140 1190 2173 laneis
1220 2152 1259 2174 ac
1289 2152 1362 2174 cum
1392 2141 1570 2186 pecoribus
1600 2154 1658 2175 seu
1683 2143 1890 2186 animalibus,
1909 2145 2079 2189 segetibus

218 2209 350 2242 quoque
379 2203 411 2231 et
439 2198 639 2244 quibuslibet
667 2198 767 2232 rebus
797 2200 869 2233 aliis
899 2199 1018 2234 ibidem
1048 2203 1194 2235 inuentis
1224 2204 1297 2235 sine
1325 2205 1413 2235 omni
1443 2205 1672 2249 cuiuscunque
1694 2204 1835 2238 bominis
1864 2208 2079 2251 impeticione

217 2270 278 2292 seu
307 2262 567 2305 impugnacione
596 2260 636 2293 ad
667 2271 727 2294 nos
757 2264 790 2294 et
818 2265 967 2294 nostrum
996 2260 1236 2296 Monasterinm
1266 2266 1475 2308 prenotatum
1505 2274 1579 2297 cum
1608 2268 1697 2298 omni
1724 2267 1795 2298 iure
1815 2269 1846 2299 et
1875 2269 2078 2312 proprietate

217 2319 332 2354 redeat
360 2332 399 2354 ac
428 2320 533 2354 libere
561 2325 759 2355 reuertatur.
789 2321 932 2367 Insuper
961 2322 1136 2356 antedictis
1165 2322 1304 2356 dominis
1335 2334 1435 2357 vnum
1464 2323 1568 2369 Inger
1596 2328 1679 2369 agri7
1710 2325 1795 2370 quod
1826 2326 1956 2360 adiacet
1985 2331 2077 2372 agris

218 2379 441 2415 Wutczkonis
470 2382 511 2415 de
539 2381 715 2416 Olekwicz
745 2381 897 2416 dedimus
927 2387 957 2415 et
988 2383 1104 2417 damus
1133 2395 1176 2417 ex
1205 2387 1320 2428 gracia
1349 2385 1488 2430 speciali
1518 2385 1558 2419 ad
1589 2389 1736 2431 ipsorum
1767 2390 1873 2421 eciam
1894 2391 1962 2422 vite
1987 2393 2078 2422 tem-

217 2452 297 2486 pora
327 2445 450 2475 tantum
481 2442 704 2476 vtifruendum
735 2447 765 2475 et
795 2442 981 2477 babendum
1011 2443 1115 2477 libere
1145 2449 1176 2478 et
1205 2446 1323 2487 solute,
1367 2446 1453 2490 quod
1496 2449 1601 2480 eciam
1640 2452 1714 2492 post
1751 2458 1864 2481 eorum
1902 2451 2076 2494 Vtriusque

216 2501 341 2535 obitum
369 2507 467 2549 prout
495 2507 527 2536 et
556 2507 717 2549 premissa
747 2504 786 2537 ad
816 2515 877 2538 nos
906 2509 939 2538 et
968 2509 1117 2539 nostrum
1147 2504 1386 2539 Monasterium
1417 2509 1535 2541 iterum
1565 2507 1696 2542 deuolni
1717 2507 1859 2542 debebit.
1890 2509 1945 2542 Ad
1965 2512 2076 2543 onmia

215 2565 316 2606 igitur
344 2568 376 2597 et
405 2564 536 2608 singula
585 2567 747 2609 premissa
794 2570 825 2597 et
871 2565 911 2599 ad
958 2566 1181 2600 inuiolabilem
1229 2578 1345 2600 eorum
1381 2566 1661 2602 obseruacionem
1699 2580 1761 2602 nos
1791 2573 1823 2603 et
1851 2580 2074 2604 successores

1930 2641 1968 2665 32
