2206 2735
1038 64 1110 97 'itio

1017 210 1125 246 322.

210 293 425 326 Innocentius
452 301 546 335 popa
573 289 733 334 prohibis!
764 290 1007 322 alienationem
1045 292 1156 323 castri
1185 290 1376 324 Hoc-lecfelt!
1403 290 1447 323 ab
1475 293 1677 336 episcopatu
1709 291 1935 324 monins-ensi.

714 350 771 383 l)!.
804 350 976 383 Asinium»
1006 350 1064 383 25.
1098 350 1293 384 Ani-ember-
1326 350 1433 384 1355.

296 414 521 467 ¹nuocentius
558 436 740 478 episcopus
779 442 900 466 seruus
943 443 1118 466 seruorum
1161 432 1213 466 dei
1257 433 1310 466 Ad
1341 438 1535 480 perpetuam
1564 436 1612 467 rei
1642 436 1845 467 memoriam¹
1905 433 2003 466 Circa

137 494 356 542 ‹piarumlibet
395 494 616 527 ecclesiarum
661 497 780 526 statum
825 496 916 526 iuxta
959 494 1139 539 pastoralis
1183 493 1284 527 ol'licii
1321 493 1466 527 debitum
1503 495 1633 528 solicito
1670 495 1852 539 vigilantes
1883 497 1913 526 in
1944 493 2006 527 biis

138 561 251 602 partes
281 554 510 588 sollicitudinis
541 554 727 600 apostolice
756 553 898 587 libenter
926 554 1125 601 impedimus
1156 565 1215 599 per
1243 565 1308 599 que
1337 566 1451 588 earum
1481 554 1770 588 counnoditatibus
1800 555 2005 588 consulatur.

139 618 219 650 t‘um
251 620 361 662 itaque
390 619 474 649 sicut
504 618 618 660 petitio
649 626 708 660 pro
739 619 834 660 pai-te
865 613 1078 648 Venerabilis
1109 615 1221 648 l'ratris
1251 618 1355 649 nostri
1384 615 1548 649 ,lobannis
1580 614 1736 661 Episcopi
1766 615 2004 649 Ulomucensis

139 678 232 711 nobis
264 688 370 722 nuper
399 676 547 709 extubna
586 675 780 709 continebat
823 675 908 708 idem
949 675 1124 709 Jobanues
1169 674 1356 721 Episcopus
1386 675 1538 709 Castrum
1569 675 1795 709 tlokcnwitdo
1824 686 1885 709 sue
1915 676 2005 708 (ito-

139 741 308 772 mucensis
339 738 494 771 diocesis.
538 747 612 770 cum
651 739 722 770 eius
752 736 891 781 predijs‚
921 735 1064 779 allodijs.
1109 735 1271 769 fructibus
1301 740 1333 770 et
1362 737 1596 770 emolumentis
1626 740 1826 770 consuetum
1857 735 1898 769 ab
1927 737 2004 770 olim

138 799 343 846 temporibus
389 798 669 844 predecessorum
715 807 851 831 suorum
894 796 1137 843 Episcoporum
1183 797 1456 831 ()lomuceusiuin
1501 800 1555 842 qui
1593 797 1726 831 suerunt
1763 808 1822 843 pro
1852 802 2004 843 tempore

139 861 303 894 nonnullis
333 860 469 893 vasallis
500 859 735 892 otonmcensis
765 858 911 892 ecclesie
947 861 977 892 in
1008 858 1141 891 seudum
1180 858 1334 893 concedi.
1371 859 1423 892 uel
1453 859 1564 901 uendi,
1596 858 1637 891 de
1667 862 1736 892 suis
1766 861 1910 904 propriis
1940 869 2006 903 pe-

139 924 245 955 cuniis
275 923 430 954 reemerit
462 930 578 953 mense
608 930 669 953 sue
698 919 882 965 episcopali
912 919 1129 952 Olomuccnsi
1160 919 1405 953 annectendum
1442 919 1587 964 illudque
1617 924 1741 955 teneat,
1772 924 1805 952 et
1834 920 2005 965 possideat

141 982 278 1028 pacilire
307 986 337 1014 et
367 984 489 1026 quiete.
521 980 590 1014 Nos
620 982 802 1014 eorundum
833 981 980 1014 ecclesie
1010 985 1041 1013 et
1070 990 1187 1013 mense
1216 980 1504 1014 commoditatibus
1541 981 1719 1026 prouidere
1755 980 1907 1014 uolentes
1950 979 2006 1013 di—

138 1046 282 1077 strictius
305 1042 489 1076 inhibemus
518 1041 662 1075 Jobanni
694 1041 860 1087 Episcopo
881 1045 914 1074 et
935 1040 1190 1075 successoribus
1220 1044 1290 1075 suis
1321 1041 1495 1087 Episcopis
1525 1041 1805 1075 Olomucensibus
1833 1043 2005 1087 quierunt

140 1115 198 1149 pro
229 1108 388 1148 tempore.
437 1114 478 1136 ne
513 1106 574 1149 ipsi
613 1102 775 1148 deinceps
806 1101 992 1135 huiusmodi
1021 1106 1168 1135 castrum
1198 1113 1273 1136 cum
1303 1102 1398 1136 dictis
1428 1103 1563 1148 prediis.
1594 1103 1733 1138 allodiis.
1782 1101 1943 1136 fructibus
1972 1106 2005 1135 et

139 1165 372 1198 emolumentis
402 1167 433 1197 in
464 1164 610 1197 feudum.
647 1162 881 1209 impbiteosim,
920 1162 971 1195 uel
1001 1163 1067 1196 alio
1097 1163 1188 1196 titulo
1218 1168 1273 1197 aut
1302 1163 1416 1197 colore
1445 1164 1634 1197 concedant
1663 1164 1810 1198 alienent
1838 1174 1897 1197 seu
1929 1167 2004 1196 tra-

140 1225 228 1258 dant.
260 1224 330 1258 Nos
359 1227 446 1258 enim
478 1224 552 1258 illud
593 1224 633 1257 ad
663 1234 757 1257 usum
804 1227 837 1256 et
883 1223 1055 1256 utilitatem
1100 1223 1187 1257 dicte
1234 1223 1363 1258 Mense.
1411 1228 1443 1257 et
1477 1224 1636 1270 Episcopi
1674 1224 1907 1258 Olonmcensis
1945 1234 2006 1269 pro

141 1291 290 1332 tempore
320 1288 498 1319 existentis
528 1286 681 1319 uolumus
711 1289 875 1331 perpetuo
904 1295 1092 1326 remanere,
1140 1295 1181 1318 ac
1209 1295 1327 1318 omnes
1357 1289 1609 1324 concessiones,
1658 1286 1893 1325 alienationes„
1943 1295 2004 1318 seu

141 1347 334 1380 traditiones
363 1357 444 1392 (luas
484 1346 525 1379 de
554 1350 681 1380 castro.
721 1345 856 1391 predi-js,
895 1344 1037 1389 allodijs,
1072 1344 1232 1379 fructibus
1261 1350 1294 1378 et
1323 1345 1554 1379 emolumentis
1584 1345 1741 1391 predictis
1770 1349 1887 1379 cona-a
1918 1345 2009 1379 inbi-

141 1407 296 1441 bitionem
326 1412 474 1440 nostram
505 1407 685 1452 predictam
716 1409 865 1440 scienter
893 1406 946 1440 uel
975 1409 1173 1451 ignoranter
1201 1406 1271 1439 sieri
1302 1406 1416 1439 forsan
1446 1408 1624 1450 contigerit
1653 1409 1684 1439 in
1714 1406 1858 1440 futurum
1888 1417 2008 1440 carere

141 1469 352 1502 decernimus
382 1467 504 1501 robore
534 1468 709 1501 firmitatis
766 1466 852 1501 Nulli
890 1478 973 1511 ergo
1011 1470 1146 1500 omnino
1186 1466 1354 1500 bominum
1390 1467 1487 1500 liceat
1517 1466 1604 1500 banc
1633 1469 1787 1512 paginam
1816 1471 2007 1501 nostrarum

141 1529 358 1562 uoluntatuni.
388 1527 592 1561 inhibitionis
622 1533 654 1561 et
683 1530 928 1561 constitutionis
959 1528 1145 1572 infringere
1175 1528 1226 1561 uel
1256 1530 1285 1560 ei
1316 1538 1397 1561 ausu
1428 1530 1606 1560 temerario
1636 1530 1816 1560 contraire.
1867 1527 1902 1561 Si
1932 1530 2006 1572 quis

141 1594 251 1623 autem
291 1589 354 1622 boc
393 1594 593 1635 attemptare
629 1592 873 1634 presumpserit
907 1589 1171 1633 indignationem
1202 1591 1437 1634 omnipotentis
1481 1588 1532 1621 dei
1576 1592 1609 1621 et
1651 1587 1823 1621 beatorum
1855 1587 1942 1621 Petri
1973 1592 2003 1621 et

143 1650 235 1684 Pauli
266 1650 503 1695 Apostolorum
534 1652 605 1683 eius
635 1660 673 1683 se
702 1653 833 1683 nouerit
863 1653 1085 1683 incursurum.
1144 1649 1261 1683 Datum
1299 1649 1467 1682 Aninioue
1498 1648 1559 1682 Vll
1598 1648 1765 1682 Kalendas
1797 1648 2007 1682 Decembris.

143 1710 354 1745 Pontilicatus
385 1713 487 1744 nostri
517 1712 618 1744 Anno
649 1710 808 1744 secundo.

453 1798 616 1831 (originali-
643 1798 668 1822 iu
696 1799 812 1823 archivo
839 1798 1077 1832 archiepiscopali
1105 1798 1274 1828 Ci'Ctiisii'il.)

1022 1945 1131 1979 323.

144 2023 281 2067 Ludwiq
320 2023 381 2056 der
423 2023 547 2056 [famer
585 2023 747 2058 beheimi,
796 2023 876 2056 dass
905 2035 943 2055 er
971 2023 1025 2055 die
1057 2023 1097 2056 Κ.
1131 2023 1222 2056 lsai-l
1249 2022 1310 2056 [Γ.
1342 2023 1409 2055 mul
1439 2023 1570 2067 ltlarlfq.
1600 2023 1737 2056 ,lolmtm
1771 2034 1831 2057 1:071
1862 2021 2009 2055 Moliren

323 2083 524 2127 qemaclateu
564 2083 862 2128 l'erspreelmnyen
892 2083 1009 2117 lmllen
1041 2084 1148 2117 welle.
1183 2084 1240 2117 Dt.
1273 2084 1456 2128 Mirabery
1484 2085 1518 2117 4.
1549 2083 1677 2117 Dczbr.
1711 2083 1822 2118 1355.

301 2159 362 2212 xx
380 2181 407 2212 ir
436 2178 577 2223 Ludwig
605 2184 755 2223 genannt
785 2180 843 2212 der
872 2179 998 2213 R'o‘mer
1026 2181 1087 2212 &o
1118 2179 1321 2213 hekhennen
1349 2182 1411 2213 &c
1444 2179 1672 2214 Sinteiualilen
1702 2182 1765 2212 wir
1795 2178 1876 2212 aller
1905 2182 2011 2212 miss-

146 2240 243 2276 helle.
275 2240 415 2273 austeuff
439 2240 504 2273 und
534 2239 726 2285 Zweyung.
756 2239 808 2273 die
838 2238 1013 2273 zwisehen
1043 2239 1115 2273 dein
1148 2239 1579 2285 Allerdurchleucbtigsten
1609 2239 1752 2273 Fursten
1785 2239 1848 2273 und
1879 2239 2008 2272 llerren

147 2300 279 2334 llerren
310 2299 385 2334 Carl
415 2303 476 2333 dcc.
508 2299 713 2333 Romiscben
751 2300 884 2346 Kayser
920 2311 1065 2334 unsel-en
1100 2302 1270 2346 guadigen
1312 2301 1457 2344 Herren,
1502 2301 1567 2334 und
1609 2300 1673 2334 den
1710 2299 2007 2345 Ilocbgebohruen

146 2361 288 2395 Fursten
326 2360 456 2394 Heri-en
492 2360 624 2394 Jobann
663 2360 890 2405 Mai-ggi·all'en
928 2372 964 2394 zu
1006 2360 1162 2395 Mei-bern
1194 2373 1339 2395 unseren
1371 2362 1478 2395 lieben
1510 2361 1659 2395 Obemeu
1690 2372 1731 2394 an
1761 2364 1868 2394 einem
1900 2360 2010 2402 «licite,

146 2421 212 2455 und
242 2432 325 2455 unns
356 2433 396 2454 an
440 2420 567 2455 andern
612 2432 696 2454 uncz
726 2421 784 2454 auf
810 2421 926 2455 diesen
964 2421 1123 2466 beutigen
1155 2427 1209 2467 lag
1239 2421 1308 2456 sicli
1339 2423 1524 2456 verlaullen
1554 2421 1682 2463 baben,
1722 2421 1906 2455 l'reundlicb
1943 2421 2007 2454 und

146 2482 285 2526 giittlicb
315 2482 476 2515 bericlitet
507 2481 626 2527 seynd,
657 2482 725 2515 also
755 2481 831 2516 dass
862 2486 911 2516 sie
941 2482 1068 2527 beyder
1096 2486 1204 2517 seiten
1233 2486 1374 2516 niuimer
1403 2486 1435 2516 in
1464 2494 1525 2527 arg·
1552 2482 1702 2526 geofuet.
1734 2482 1798 2515 und
1827 2486 2007 2515 verneuert

149 2543 287 2576 werden
327 2544 445 2577 sollen.
502 2543 622 2577 Das-011
659 2542 780 2587 globen
825 2547 887 2577 wir
935 2543 1009 2577 dem
1046 2543 1260 2588 obgenanten
1289 2554 1433 2577 uuseren
1463 2543 1592 2577 llerren
1623 2544 1696 2577 dem
1727 2543 1894 2588 liliayserq
1942 2542 2006 2575 und
