2206 2735
1024 68 1129 122 ⁷29

1071 206 1144 242 59.

237 287 372 321 Joleame
404 285 591 330 illarltqras'
614 296 676 318 ron
705 285 850 318 Malu-en
879 283 1063 328 bestatiqet
1093 285 1153 318 det·
1182 283 1286 317 Stadt
1316 282 1436 316 Zizaim
1468 282 1537 316 alle
1563 283 1725 326 li‘a‘t'lzeren
1758 283 1976 327 Pre'rileqietz.

775 346 832 379 Dt.
863 345 979 378 Bruma
1011 345 1069 378 19.
1102 344 1292 378 Dezember
1322 344 1432 378 1350.

333 422 527 476 Johannes
557 441 608 474 dei
638 444 753 485 gracia
783 439 932 474 Marcbio
961 439 1111 473 Morauie
1140 438 1292 473 omnibus
1321 442 1574 485 imperpetuum.
1605 438 1775 479 Qucciens
1805 449 1822 472 a
1852 438 1947 472 nobis
1967 449 2034 484 pe—

179 506 254 536 titur
281 501 366 547 quod
396 502 561 536 honestati
595 505 778 535 conuenire
816 501 999 534 dinoscitur
1035 503 1144 534 animo
1179 510 1240 533 nos
1269 500 1367 533 decet
1403 498 1514 533 libenti
1552 499 1742 533 concedere
1779 504 1811 532 et
1847 502 2034 544 petencium

179 563 353 597 desideriis
383 573 568 607 congruum
598 562 789 606 suffragium
820 564 990 608 impartiri.
1022 560 1161 594 Nouerit
1189 562 1289 604 igitur
1316 570 1456 605 presens
1486 565 1557 594 etas
1587 564 1618 593 et
1649 559 1747 593 futuri
1769 563 1925 605 temporis
1949 571 2032 593 suc-

178 625 311 657 cessiua
348 627 528 669 posteritas
564 623 649 669 qnod
684 633 748 656 nos
784 625 915 666 integre
953 622 1028 655 fidei
1064 624 1249 667 puritatem.
1287 632 1349 666 qua
1388 620 1568 666 prudentes
1605 623 1667 654 viri
1696 618 1826 654 Jndex.
1866 619 1970 654 Jurati
2000 624 2033 654 et

178 686 327 717 vniuersi
357 683 458 717 Ciues
488 688 602 718 nostre
631 681 781 716 Ciuitatis
810 681 1036 728 Znoymensis
1075 681 1189 715 fideles
1227 684 1331 715 nostri
1368 680 1478 715 dilecti
1514 692 1595 725 erga
1629 692 1690 714 nos
1731 685 1761 714 et
1800 684 2034 726 progenitores

178 748 312 778 nosti-os
341 744 455 789 Reges
486 744 620 778 Boemie
648 742 862 777 Marchiones
892 743 1043 776 Morauie
1071 742 1188 775 Inclite
1208 741 1473 775 Recordaeionis
1502 741 1665 776 hactenus
1690 741 1893 775 claruerunt.
1924 752 2035 785 gene—

179 807 287 838 rosius
317 805 540 848 attendentes,
571 803 833 838 Considerantes
873 814 1003 849 quoque
1037 803 1228 846 benignius,
1265 802 1351 846 quod
1389 802 1489 847 ydem
1520 801 1619 836 Ciues
1649 806 1744 846 grata
1774 801 1870 835 nobis
1900 804 2034 846 impen-

179 866 298 899 derunt
326 865 485 910 obsequia
516 870 548 899 et
576 866 768 911 impendere
798 869 954 910 poterunt
981 863 1100 897 futuris
1130 861 1334 908 temporibus
1354 865 1523 907 graviora.
1556 863 1684 896 deuotis
1713 866 1746 895 et
1774 861 2033 895 racionabilibus

180 930 323 971 ipsorum
354 926 665 971 Supplicacionibus
695 925 921 960 fauorabiliter
949 925 1094 958 inclinati
1129 925 1239 957 omnia
1274 924 1449 970 priuilegia
1487 925 1621 968 gracias
1652 925 1895 956 concessiones
1926 921 2036 955 dona-

179 990 292 1019 ciones
320 985 503 1029 libertates,
534 986 714 1020 laudabiles
751 997 882 1032 quoque
915 990 948 1019 et
983 984 1181 1031 approbatas
1218 984 1478 1018 consuetudines
1514 989 1546 1017 et
1580 985 1652 1026 jura
1692 987 1920 1028 cuiuscunque
1950 994 2036 1017 con-

179 1049 321 1080 tinencie
350 1050 382 1080 et
410 1049 535 1080 tenoris
566 1050 713 1080 existant
742 1058 760 1080 a
789 1047 872 1080 diuis
903 1045 1050 1090 Regibus
1080 1045 1216 1078 Boemie
1246 1050 1276 1079 et
1305 1045 1555 1080 Marchionibus
1584 1044 1735 1078 Morauie
1764 1043 2034 1090 progenitoribus

177 1112 211 1141 et
238 1106 510 1141 antecessoribus
539 1110 664 1141 nostris
693 1106 790 1141 Clare
819 1110 979 1140 memorie
1008 1109 1089 1152 ipsis
1119 1106 1193 1140 data
1223 1117 1389 1141 concessa
1420 1111 1452 1140 et
1481 1116 1667 1139 concessas
1698 1105 1820 1138 indulta
1842 1109 1874 1138 et
1894 1105 2035 1139 indultas

180 1172 276 1213 prout
303 1171 334 1201 in
365 1170 509 1213 ipsorum
540 1168 670 1213 Regum
702 1168 838 1202 Boemie
867 1172 899 1201 et
926 1167 1154 1201 Marchionurn
1177 1167 1327 1201 Morauie
1357 1168 1459 1201 literis
1490 1177 1592 1212 super
1620 1165 1682 1199 hoc
1712 1165 1877 1199 confectis
1907 1166 2035 1210 plenius

179 1233 230 1263 est
257 1239 456 1274 expressum
486 1230 573 1263 dicte
602 1228 734 1263 Ciuitati
762 1229 968 1275 Znoymensi
998 1231 1169 1274 ipsiusque
1198 1228 1333 1263 Ciuibus
1371 1231 1613 1274 imperpetuum
1642 1227 1682 1260 de
1711 1229 1821 1260 innata
1851 1227 2035 1260 clemencia

178 1289 400 1335 approbamus
434 1290 636 1324 ratificamus
668 1293 865 1323 innouamus
903 1293 936 1322 et
973 1300 1016 1322 ex
1053 1293 1144 1323 certa
1180 1293 1292 1323 nostra
1323 1292 1472 1323 sciencia
1500 1291 1668 1334 presentis
1707 1290 1818 1332 scripti
1848 1289 2034 1333 patrocinio

178 1350 423 1384 confirmamus.
480 1350 565 1384 Nulli
602 1362 684 1395 ergo
718 1354 851 1384 omnino
886 1350 1052 1384 hominum
1092 1351 1188 1383 liceat
1223 1350 1309 1384 hanc
1344 1354 1458 1384 nostre
1501 1348 1757 1395 approbacionis
1801 1347 2036 1382 ratificacionis

178 1414 408 1445 innouacionis
437 1416 469 1445 et
497 1411 765 1445 confirmacionis
795 1413 949 1456 paginam
978 1410 1162 1455 infringere
1199 1415 1253 1445 aut
1287 1414 1317 1444 ei
1354 1421 1435 1444 ausu
1465 1412 1641 1443 temerario
1679 1411 1846 1442 contraire
1878 1408 2034 1454 Alioquin

180 1483 279 1505 secus
310 1471 472 1506 facientes
501 1471 769 1516 indignacionem
799 1476 833 1505 et
860 1472 1021 1506 offensam
1050 1476 1163 1505 nostre
1193 1471 1403 1505 excellencie
1444 1480 1645 1516 pergraueni
1682 1479 1718 1502 se
1754 1471 1908 1502 nouerint
1943 1471 2035 1502 irre-

179 1532 360 1566 misibiliter
396 1536 602 1566 incursuros.
659 1532 695 1566 In
734 1543 871 1578 quorum
907 1535 1133 1566 testimonium
1167 1536 1342 1579 presentes
1379 1531 1479 1565 scribi
1518 1535 1549 1564 et
1584 1529 1691 1574 sigillo
1727 1533 1842 1562 nostro
1878 1532 2034 1562 iussimus

177 1596 376 1628 communici
396 1593 515 1628 Datum
539 1593 648 1627 Brune
669 1595 769 1627 Anno
799 1593 921 1627 domini
950 1593 1126 1627 Millesinio
1156 1593 1410 1627 Trecentesimo
1440 1591 1726 1636 Quinquagesimo
1757 1591 1920 1625 dominica
1950 1601 2035 1636 pro-

181 1657 268 1688 xima
298 1659 375 1687 ante
402 1654 521 1687 festum
551 1657 658 1688 sancti
688 1653 817 1687 Thome
846 1655 1000 1700 Apostoli
1029 1654 1179 1698 gloriosi.

489 1738 652 1775 (Abschrift
677 1746 856 1767 cntnommen
882 1741 968 1766 durch
994 1741 1029 1768 A.
1056 1742 1151 1767 Boc-ek
1176 1750 1227 1768 aus
1251 1742 1315 1767 dein
1341 1740 1420 1775 Orig.
1446 1740 1542 1771 Vei-gl,
1569 1739 1602 1766 N.
1631 1740 1691 1774 84.)

1067 1888 1140 1922 (30.

181 1973 370 2017 Marlrgqraf
390 1973 526 2006 doliana
558 1974 750 2009 cerm-cluet.
780 1975 860 2007 (lass
887 1974 941 2007 dle
962 1973 1152 2008 Bewolmet·
1180 1985 1243 2007 von
1265 1973 1405 2009 Monitz,
1436 1974 1596 2016 Auspicia,
1627 1971 1784 2005 Polzrlicz-
1811 1971 1876 2004 and
1896 1970 2032 2003 Eibeu-

182 2033 290 2067 schitz
318 2033 762 2087 die*Reclzlsbeleltrunqen
789 2036 822 2067 in
852 2034 970 2068 Bruma
999 2046 1041 2068 zu
1068 2034 1193 2068 suelteri
1222 2033 1342 2068 haben.
1372 2033 1431 2067 De.
1462 2033 1581 2066 Brz'c'vm
1611 2032 1670 2066 21.
1703 2031 1892 2066 Dezember
1922 2031 2031 2065 1350.

336 2108 507 2162 «loannes
537 2128 590 2162 dei
618 2131 732 2173 gracia
762 2128 911 2163 Marchio
940 2129 1091 2163 Morauie
1120 2128 1273 2163 omnibus
1302 2132 1554 2174 imperpetuum.
1601 2128 1719 2162 Innate
1748 2127 1843 2161 nolus
1871 2127 2033 2172 benigni—

181 2191 257 2226 tatis
287 2188 403 2222 suadet
431 2189 613 2222 clemencia
643 2190 780 2234 reqvirit
809 2193 938 2235 eqvitas
974 2190 1056 2224 ordo
1084 2191 1230 2237 postulat
1258 2193 1403 2224 racionis
1433 2194 1465 2223 ut
1495 2191 1550 2235 qvi
1580 2188 1718 2222 favente
1738 2189 1913 2222 Altissimo
1943 2187 2033 2221 titulo

183 2252 387 2295 principatus
416 2252 448 2283 in
476 2254 572 2283 terris
602 2250 769 2294 fulgentes
798 2250 1001 2285 subditorum
1031 2255 1221 2285 nostrorum
1252 2250 1392 2284 fidelium
1423 2248 1676 2283 comoditatibus
1706 2248 1887 2282 honoribus
1916 2252 1947 2282 et
1967 2251 2033 2281 uti-

183 2309 326 2344 litatibus
355 2315 477 2356 qvanto
507 2310 602 2344 nobis
631 2315 682 2345 est
710 2311 871 2357 possibile
900 2312 1079 2357 providere
1109 2314 1322 2356 astringimur
1357 2322 1400 2344 ex
1435 2310 1544 2344 debito
1582 2321 1633 2344 ea.
1673 2320 1738 2355 qve
1767 2311 1914 2343 enormia
1944 2318 2032 2342 con-

183 2373 350 2416 spicimus,
390 2382 583 2405 resecemus
621 2376 653 2405 et
688 2383 753 2417 qve
789 2383 932 2406 erronea
959 2375 1211 2417 cognoscimus.
1248 2375 1454 2417 conpetentis
1483 2374 1708 2405 correccionis
1744 2369 1892 2404 remedio
1922 2368 2035 2402 refor—

184 2441 310 2465 memus
338 2431 466 2465 evulsis
495 2432 807 2466 inconvenientibus
837 2433 983 2468 moribus
1013 2438 1044 2467 et
1074 2432 1370 2466 eonsvetudinibus
1400 2431 1640 2466 illaudabilibus
1670 2433 1799 2477 penitus
1828 2431 2031 2474 exstirpatis.

185 2490 274 2525 Sane
308 2502 382 2525 cum
418 2491 458 2525 ab
495 2492 570 2526 olim
607 2492 741 2538 opidani
779 2496 809 2526 in
841 2492 969 2527 Meneis
1008 2494 1122 2528 fideles
1151 2497 1252 2528 nostri
1283 2493 1392 2526 dilecti
1429 2505 1471 2526 ex
1501 2492 1642 2538 qvadam
1677 2494 1760 2537 turpi
1790 2489 2032 2523 consvetudine

184 2556 216 2585 et
245 2551 385 2597 quodam
415 2563 506 2586 more
537 2552 712 2586 illaudabili
750 2556 819 2587 iura
856 2565 1030 2588 causarum
1062 2565 1192 2588 suarum
1223 2553 1467 2588 iudiciariarnm
1506 2563 1603 2598 super
1633 2551 1752 2597 qvibus
1782 2550 1913 2584 dubium
1946 2553 2032 2584 inci-
