2206 2735
1015 45 1088 78 2:30

126 169 208 199 trina
240 176 312 197 vice
343 167 414 196 tatis
445 163 648 206 qucrimonia
681 163 752 206 ipso
790 161 922 193 domiuo
965 160 1084 192 alib-..u-
1127 163 1240 191 routra
1285 157 1458 203 plebanum
1502 170 1560 204 per
1604 159 1769 203 predictos·
1811 162 1903 192 ciues
1947 164 1978 192 et

127 231 292 260 rectorem
322 225 417 257 suerit
447 222 639 261 subsecuta,
671 232 713 254 ex
744 225 820 254 tuuc
851 222 971 254 licitum
1002 225 1098 264 atque
1141 218 1275 252 liberum
1319 221 1381 252 erit
1423 218 1551 253 ciuibus
1587 224 1618 253 ct
1648 221 1768 253 rectori
1799 220 1978 265 sepedictis

128 291 176 322 ius
207 297 298 320 suum
330 286 486 330 prosequi
516 293 629 316 coram
659 281 826 314 ordinario
855 281 916 314 loci
946 280 1078 314 domino
1106 283 1266 325 episcopo
1296 279 1347 313 uel
1377 282 1449 312 cius
1477 280 1619 316 oll'iciali.
1649 283 1701 324 qui
1733 291 1791 325 pro
1830 284 1979 326 tempore

129 351 258 382 suerint.
289 356 384 390 quam
415 347 493 378 iuris
522 346 797 389 prosecucioucm
828 344 898 387 ipse
927 341 1079 375 dominus
1107 340 1209 375 abbas
1252 340 1379 375 ciuilius
1409 345 1441 373 et
1480 344 1601 375 rectori
1640 339 1774 375 debebit
1810 343 1980 374 inuertere

129 411 259 441 minime
289 418 347 452 pro
377 409 515 449 ing-rato.
575 405 647 444 Quc
691 405 800 436 omnia
844 408 875 435 et
916 402 1043 446 singula
1085 406 1182 448 prout
1223 405 1375 448 superius
1409 405 1653 448 exprimuntur,
1685 403 1978 447 promiucciamus„

128 471 276 502 dicimus.
307 467 493 500 dilliuiuius.
524 467 785 498 sentent-iunius.
816 462 1001 501 laudamus„
1031 462 1222 497 ordinamus
1253 474 1291 497 ac
1320 466 1426 497 ceiam
1465 462 1661 497 arbitramur
1691 462 1750 497 sub
1782 474 1866 508 pena
1896 473 1980 507 pcr-

127 531 267 563 ‹iicionis
297 531 402 561 tocius
431 537 546 560 cause.
576 535 670 570 quam
702 524 927 569 perdicionem
957 535 1034 569 pars
1063 535 1128 558 non
1159 535 1300 558 seruans
1329 529 1477 558 nostrum
1515 523 1683 557 arbitrium
1719 525 1886 557 sustinere
1915 522 1979 556 de-

128 590 214 623 bebit
244 601 281 623 ac
313 592 416 622 ceiam
447 587 507 620 sub
551 597 636 632 pena
679 588 796 629 viginti
839 595 1024 618 marcarum
1061 596 1258 629 grossorum
1295 585 1504 619 denariorum
1535 586 1760 630 pragensium.
1792 595 1874 628 quas
1904 593 1981 628 pars

128 662 191 684 uon
223 660 361 683 seruans
392 653 540 681 nostrum
570 646 740 680 arbitrium
769 645 991 691 supradictum
1022 645 1061 679 ad
1091 646 1267 680 ecclesiam
1306 658 1333 680 s.
1372 645 1502 680 Nicolai
1541 644 1744 690 sepedictam
1784 644 1867 677 inlra
1897 643 1980 677 duos

129 722 264 744 meuses
295 709 470 743 iumcdiate
512 711 692 751 sequentes
735 711 886 752 prestare
918 711 950 738 et
987 717 1113 752 pagare
1155 706 1319 741 tenebitur
1356 712 1388 741 et
1422 705 1564 740 debebit.
1602 705 1638 739 ln
1667 715 1804 749 quorum
1835 708 1978 738 omnium

129 774 348 806 testimouium
378 774 475 814 atquc
504 767 604 801 robur
632 766 738 811 sigilla
770 771 882 800 nostra
914 778 977 800 vna
1007 778 1079 800 cum
1109 767 1225 812 sigillis
1254 772 1462 802 strenuorum
1493 770 1641 800 virorum
1672 764 1913 799 honorabilium
1948 769 1980 798 et

127 834 346 867 discretorum
376 831 497 864 domiui
528 828 660 863 Ottouis
690 827 821 874 plebani
857 830 887 860 in
926 826 1025 870 Fren,
1065 827 1215 862 Benessii
1251 828 1325 862 dicti
1359 828 1516 861 VVcdlicz
1553 827 1593 860 de
1632 825 1850 862 Weitenmiilq
1886 824 1983 858 Mar-

127 894 261 928 scliouis
292 893 330 926 dc
361 891 504 937 Yrspicz
534 901 574 924 ac
603 889 745 923 Jaroslai
775 888 814 922 de
843 888 971 922 Vrbaw
1005 891 1135 922 testium
1170 892 1315 922 omnium
1353 888 1578 935 predictorum
1617 886 1655 920 ad
1687 885 1750 919 hoc
1780 897 1839 931 per
1868 890 1981 931 partes

129 955 292 1000 predictas
335 958 531 987 vocatorum
575 956 607 984 et
650 950 841 996 specialiter
882 953 1074 993 rogatormn
1118 949 1331 996 presentibus
1370 952 1446 983 sunt
1480 959 1639 994 appensa.
1697 947 1783 981 Acta
1814 951 1891 980 sunt
1920 945 1983 979 liec

128 1016 278 1060 Zuoyme
308 1018 338 1048 iu
368 1015 464 1047 domo
495 1013 631 1046 fratrum
662 1015 823 1045 minorum
853 1010 977 1044 ordinis
1008 1021 1034 1044 s.
1066 1010 1237 1044 Francisci
1267 1022 1354 1044 anno
1382 1013 1565 1044 natiuitatis
1594 1009 1716 1042 domiui
1744 1010 1847 1042 nostri
1876 1007 1981 1040 Jhesu

129 1077 223 1110 t'risti
267 1075 441 1109 Mittesnno
485 1076 723 1107 trecentesimo
753 1074 1029 1117 quinquagesimo
1071 1077 1187 1117 quarto
1225 1074 1256 1105 in
1291 1074 1437 1105 crastino
1470 1072 1708 1116 concepcionis
1745 1068 1842 1103 beate
1878 1067 1986 1101 Mai-ie

130 1137 277 1181 Virginis
307 1137 465 1181 gloriose.

285 1197 320 1230 Et
360 1208 421 1230 uos
459 1195 631 1228 Joliaunes
666 1194 718 1227 dei
759 1198 791 1227 et
828 1194 1013 1240 apostolice
1053 1193 1141 1227 sedis
1175 1197 1289 1239 gracia
1325 1195 1505 1239 episcopus
1536 1192 1770 1225 Olomuccnsis
1800 1189 1982 1231 arbitrium7

129 1261 476 1304 prouuucciacionem.
507 1256 742 1289 dillinicionem
772 1260 803 1288 et
832 1255 962 1288 laudum
999 1265 1100 1300 super
1134 1254 1286 1288 omnibus
1320 1258 1352 1287 et
1381 1254 1521 1298 singulis
1556 1254 1791 1298 suprascriptis
1822 1251 1982 1291 articulis,

129 1324 163 1352 xt
191 1321 345 1364 superius
375 1320 584 1364 exprimitur.
615 1316 828 1355 ratificamus,
859 1315 1082 1361 approbamus
1110 1319 1143 1348 ct
1170 1314 1381 1361 presentibus
1411 1313 1647 1347 confirmamus
1677 1324 1716 1345 eo
1747 1316 1853 1345 tamen
1875 1310 1982 1351 salum

130 1380 213 1425 quod
245 1379 404 1425 plebanus
434 1383 463 1412 et
493 1382 603 1411 rector
631 1379 796 1411 scolarum
826 1377 1008 1422 supradicti
1037 1386 1157 1410 causas
1185 1378 1393 1421 questionum
1423 1376 1672 1418 emergencium
1693 1375 1779 1405 inter
1799 1382 1857 1405 eos
1873 1373 1982 1415 Juris—

131 1442 315 1474 dii-cionem
363 1445 508 1473 nostram
555 1440 837 1472 concerneneium
876 1440 1003 1483 possint
1039 1448 1106 1471 non
1142 1437 1292 1470 obstante
1329 1437 1636 1481 pronuucciacioue
1673 1433 1758 1466 l'aeta
1802 1436 1887 1466 inter
1922 1442 1982 1465 eos

130 1501 318 1535 immediate
347 1506 377 1534 et
407 1500 510 1534 libere
539 1503 565 1533 si
594 1500 761 1533 vetuerint
794 1501 952 1544 prosequi
987 1508 1101 1531 coram
1136 1496 1302 1530 ordinario
1340 1496 1394 1530 vel
1429 1495 1585 1539 delegato
1615 1493 1729 1538 judice
1767 1494 1981 1538 competenti.

131 1562 166 1595 In
214 1573 350 1606 quomuu
397 1564 620 1595 testimonium
667 1564 697 1593 et
745 1559 846 1593 robur
892 1570 1032 1604 presens
1077 1561 1234 1603 scriptum
1281 1556 1378 1601 sigilli
1422 1559 1526 1590 nostri
1571 1557 1777 1600 appensione
1825 1556 1982 1587 iussimus

131 1625 335 1656 communiri.

437 1683 533 1720 [Orig.
560 1684 645 1717 Perg.
674 1684 710 1708 12
737 1683 762 1708 li.
790 1683 849 1717 b'ig.
873 1683 910 1707 ini
936 1681 1063 1708 Archive
1088 1681 1138 1706 der
1163 1680 1248 1706 stadt
1272 1680 1397 1713 Zn-aiin,)

1008 1827 1116 1862 284.

129 1909 315 1945 „summaer-i
346 1913 461 1943 ναίω·
487 1912 673 1953 perpetuus
702 1908 763 1941 cler
790 1906 920 1940 Ise'rclee
945 1908 977 1940 [lc
1002 1905 1084 1950 Uny.
1108 1905 1215 1943 Brod„
1237 1905 1351 1938 les-tiri
1380 1915 1421 1938 zu
1444 1903 1594 1936 Gemsten
1624 1902 1682 1935 cles
1705 1899 1979 1934 Donavit-aner·

568 1969 730 2003 Klosters
758 1967 933 2002 dez-selben
966 1967 1081 2001 Stadt.
1112 1966 1170 1999 Dt.
1202 1964 1261 1998 21.
1290 1963 1398 1999 Dabr.
1430 1963 1543 1996 1354.

311 2028 410 2081 luter
440 2052 557 2081 cuncta
587 2049 775 2081 animaucia
803 2046 902 2080 honio
939 2050 989 2079 est
1025 2044 1215 2091 perfeccius
1251 2048 1284 2077 et
1311 2045 1488 2089 optimum:
1531 2041 1671 2086 ideoque
1700 2042 1731 2073 in
1763 2038 1976 2072 resolucione

131 2111 180 2142 sui
210 2112 361 2154 corporis
392 2107 431 2142 ab
461 2111 569 2142 anima
599 2110 715 2142 :nerito
745 2118 841 2142 suum
870 2105 968 2139 debet
1004 2116 1214 2150 cognoscere
1244 2104 1449 2138 Creatorem.
1508 2103 1640 2136 Clareat
1674 2103 1772 2145 igitur
1809 2101 1978 2133 vniuersis

131 2159 294 2214 presentis
331 2171 377 2202 et'
399 2168 507 2202 future
545 2172 642 2202 etatis
677 2167 794 2212 quibus
834 2170 973 2213 apperta
1016 2165 1113 2200 fuerit
1143 2168 1264 2199 noticia
1294 2165 1556 2210 subscriptorum
1587 2161 1680 2204 Quod
1711 2171 1774 2205 ego
1805 2159 1978 2193 Johannes

130 2234 240 2263 rector
267 2234 446 2275 perpetuus
476 2228 629 2263 Ecclesie
659 2228 767 2262 Brode
808 2228 1035 2272 hungaricalis
1079 2227 1162 2260 lilius
1195 2226 1285 2272 olym
1314 2225 1454 2259 Hertlini
1488 2226 1571 2258 ciuis
1609 2222 1726 2256 ibidem
1763 2231 1828 2267 pye
1856 2230 1978 2253 recor-

130 2290 277 2324 dacionis
306 2291 485 2324 reuoluens
514 2293 546 2323 in
576 2293 684 2323 animo
713 2290 931 2323 discrecionis
960 2299 1045 2329 mee.
1076 2290 1151 2332 quia
1180 2291 1298 2320 ventus
1327 2290 1378 2320 est
1398 2288 1465 2319 vita
1486 2284 1628 2318 hominis
1657 2287 1687 2315 et
1716 2282 1815 2315 nichil
1845 2283 1978 2314 cercius

130 2356 179 2384 est
208 2355 314 2384 morte
343 2356 375 2384 et
405 2351 503 2384 nichil
541 2353 708 2384 incercius
745 2353 785 2383 sit
820 2350 900 2384 hora
930 2351 1046 2382 mortis
1075 2352 1108 2381 et
1136 2347 1221 2392 quod
1249 2352 1323 2393 post
1350 2349 1449 2379 vitam
1480 2348 1669 2390 presentem
1701 2342 1771 2375 sola
1801 2343 1914 2374 merita
1946 2345 1977 2373 et

130 2410 304 2445 benefacta
338 2411 377 2444 ad
413 2412 510 2445 finem
548 2411 686 2445 tendunt
719 2410 885 2444 felicitatis
923 2414 955 2443 et
990 2408 1022 2442 id
1050 2411 1140 2442 circo
1170 2419 1272 2441 sanus
1300 2411 1411 2440 mente
1441 2409 1473 2438 et
1502 2414 1643 2449 corpore
1673 2407 1705 2436 et
1733 2412 1871 2447 compos
1900 2401 1974 2434 Ra-

131 2472 248 2506 cionis.
280 2483 345 2505 non
374 2473 565 2518 compulsus
595 2483 672 2517 ymo
702 2482 867 2505 accensus
896 2481 1011 2504 amore
1040 2469 1150 2502 diuine
1169 2467 1350 2512 flagrancie
1370 2476 1480 2499 meum
1498 2468 1546 2498 sic
1567 2464 1713 2510 disposui
1744 2465 1976 2496 testamentum

130 2532 297 2567 Bonorum
326 2544 486 2567 meorum.
518 2532 675 2566 videlicet
704 2532 804 2566 libros
833 2543 926 2566 meos
955 2530 1036 2564 duas
1065 2534 1178 2577 partes
1194 2529 1311 2575 Byhtie
1341 2537 1441 2560 vnum
1464 2525 1579 2559 librum
1609 2524 1845 2571 passitiiialen1‚
1874 2532 1977 2555 vnum
