2206 2735
1066 50 1132 84 18⁴

1045 215 1154 251 ⁰2⁴2.

896 306 954 340 22.
989 305 1176 340 Dez-ember
1207 306 1317 340 1353.

344 378 516 434 Baiduin.
548 398 749 432 Erzbiscbos
775 409 840 432 von
870 397 979 434 Trier.
1010 398 1167 432 belicnnt.
1196 397 1273 432 dass
1302 397 1361 432 das
1391 397 1532 432 Gebietb
1564 410 1628 433 von
1658 400 1750 446 Egei·
1786 401 1849 436 den
1885 401 2023 437 bobini—-

171 458 274 492 seben
304 458 458 504 Konigen
489 458 690 505 verpsandet
720 461 780 492 sci.
824 458 876 492 l)t.
920 457 1099 503 maguncie
1141 470 1228 493 :nnio
1269 458 1391 492 domini
1436 458 1545 494 1353.
1587 460 1760 496 Doniinico
1789 462 1841 496 ‹lie
1871 466 2024 509 proximo

171 524 245 565 post
275 518 394 553 sestnin
426 518 511 553 beuti
541 518 670 553 Tlionie
700 518 866 565 Apostoli.

480 609 560 646 (Ans
593 610 647 636 den
682 611 756 636 l‘riv.
789 620 847 644 rog.
880 610 947 635 Γυνὴ.
979 619 1004 643 p.
1039 611 1106 636 ’.ΝΓῃ
1139 612 1210 643 sign.
1244 612 1279 637 M.
1307 610 1365 638 Vll.
1392 612 1440 639 2³.
1468 612 1599 638 Munusk.
1626 613 1660 638 im
1688 614 1940 643 Lnndesarcbive:
1965 615 2023 642 vid.

585 662 631 687 δι’.
659 663 741 688 237.)

1047 810 1154 845 243.

170 917 374 950 Heri-mame.
407 915 533 949 Probsl
563 916 632 948 um!
660 916 720 948 ilas
752 915 894 959 li'api'lcl
922 926 982 947 rose
1013 914 1065 947 St.
1098 915 1203 947 Pelei·
1231 916 1262 947 in
1293 914 1409 948 Brittan
1438 914 1623 959 bezeugyeu,
1654 916 1734 948 dass
1762 917 1832 949 (lem
1865 915 2024 950 Bre'ilmer

175 978 307 1020 Rea-qei-
336 977 541 1011 Sclemelz-lin
586 978 647 1009 «las
686 975 1049 1009 Pras-enInle'misreelel
1086 987 1124 1008 w
1161 977 1267 1008 ciuem
1298 987 1359 1009 ron
1398 976 1461 1009 ilem
1489 977 1690 1019 fleste‘fleten
1720 976 1942 1011 lsanom‘ltate
1970 977 2026 1011 bez·

727 1037 779 1070 St.
812 1036 916 1070 Peter
946 1036 1094 1069 zusls’sw.
1129 1035 1183 1068 ΠΙ.
1219 1036 1333 1069 Brittan
1367 1036 1473 1070 1353.

324 1111 412 1164 ,xus
458 1129 671 1163 Hermannus
717 1133 904 1175 prepositus
946 1133 976 1162 et
999 1156 1035 1161 ..
1080 1129 1255 1173 capitulum
1299 1129 1440 1162 ecclesie
1469 1132 1577 1163 sancti
1610 1129 1694 1163 Petri
1725 1133 1755 1164 in
1786 1129 1932 1164 Brunna.
1970 1131 2021 1165 Ad

173 1195 403 1226 vninersornin
435 1192 588 1225 volninus
621 1196 737 1224 tenore
767 1193 977 1236 presencium
1009 1192 1161 1223 noticiam
1191 1192 1368 1235 peruenire
1396 1190 1480 1235 qnod
1511 1201 1586 1224 cum
1618 1190 1776 1225 honestus
1806 1195 1837 1224 et
1858 1191 2023 1226 discretus

170 1256 220 1287 vir
261 1252 433 1287 Jobannes
476 1252 582 1286 (lictus
627 1252 848 1285 Snielezlinns
892 1254 974 1285 ciuis
1013 1250 1218 1284 Brunnensis
1260 1262 1319 1296 pro
1348 1261 1407 1284 suc
1436 1254 1752 1296 progenitorumque
1782 1262 1916 1286 suorum
1945 1255 2023 1286 ani-

169 1325 293 1347 marum
323 1314 430 1347 salute
460 1323 591 1346 necnon
630 1313 669 1345 ad
709 1312 807 1346 diuini
842 1312 948 1345 cultus
985 1315 1210 1355 angmentum,
1248 1310 1449 1357 prebendam
1488 1316 1520 1346 et
1555 1315 1787 1346 canonicatum
1818 1315 1848 1346 in
1879 1313 2021 1347 ecclesia

169 1379 281 1408 nostra
313 1374 490 1414 Brunensi,
523 1385 622 1418 quam
652 1378 683 1407 et
713 1385 808 1419 quein
839 1372 1038 1407 honorabilis
1069 1375 1120 1405 vir
1149 1372 1298 1406 dominus
1336 1371 1491 1406 Nicotaus
1528 1376 1708 1407 canonicus
1746 1373 2020 1416 Clirenisiiensis,

169 1446 206 1468 ac
235 1435 322 1468 dicte
352 1434 498 1468 ecclesie
538 1438 655 1468 nostre
692 1436 959 1475 concanonicus,
991 1444 1139 1479 pronunc
1170 1437 1316 1467 noscitur
1354 1434 1540 1479 possidere,
1580 1434 1698 1468 dudum
1729 1437 1909 1476 erexisset,
1939 1434 2021 1468 fun-

168 1496 278 1530 dasset
309 1500 340 1529 et
369 1498 567 1530 creauisset.
599 1507 638 1529 ac
667 1495 707 1528 de
736 1495 832 1529 bonis
863 1506 880 1528 a
916 1495 978 1527 deo
1016 1494 1077 1528 sibi
1112 1495 1239 1528 collatis
1276 1494 1477 1529 sufficienter
1514 1495 1705 1537 domuisset,
1741 1497 1791 1529 ius
1827 1499 2024 1540 patronatus

168 1568 228 1592 seu
257 1556 471 1604 presentaudi
501 1556 541 1590 ad
572 1559 673 1602 ipsos.
704 1566 778 1589 cuin
807 1560 837 1589 et
868 1559 1028 1601 quociens
1059 1555 1193 1589 eosdem
1223 1566 1347 1589 vacare
1381 1558 1602 1600 contingeret,
1639 1558 1772 1589 racione
1812 1554 2022 1589 fundacionis

165 1620 365 1660 creacionis,
395 1622 428 1651 et
456 1617 647 1650 dotacionis
678 1615 877 1657 huiusmodi,
906 1627 966 1662 pro
995 1627 1032 1649 se
1061 1621 1092 1649 et
1120 1615 1185 1650 filio
1205 1627 1264 1649 suo
1294 1615 1457 1658 Pescone,
1479 1627 1518 1650 ac
1538 1616 1683 1650 eiusdem
1706 1615 1870 1650 Pesconis
1899 1617 2021 1662 primo-

166 1681 281 1724 genito
309 1677 479 1720 duntaxat,
511 1677 552 1711 de
582 1679 685 1723 ipsius
706 1703 713 1710 .
737 1705 743 1710 .
774 1679 934 1723 prepositi
963 1679 1016 1722 qui
1045 1687 1104 1722 pro
1133 1687 1173 1710 eo
1202 1676 1261 1710 fuit
1288 1680 1450 1722 tempore,
1481 1688 1519 1710 ac
1559 1679 1662 1722 ipsius
1700 1676 1844 1722 capituli,
1875 1676 2024 1711 ecclesie

167 1741 274 1774 sancti
303 1738 391 1772 Petri
420 1738 583 1784 predicte,
614 1741 803 1784 expressis,
833 1740 1054 1771 conniuencia
1084 1742 1115 1771 et
1144 1748 1286 1771 assensu
1315 1737 1504 1783 specialiter
1532 1736 1750 1771 reseruando.
1792 1736 1916 1771 Verum
1945 1747 2020 1771 cum

166 1811 232 1835 non
260 1799 358 1834 nullis
388 1802 420 1833 in
450 1799 537 1833 dicta
571 1803 684 1833 nostra
714 1799 857 1832 ecclesia
888 1801 937 1832 ius
966 1802 1159 1844 patronatus
1189 1809 1249 1832 seu
1277 1797 1490 1843 presentandi
1520 1797 1560 1831 ad
1589 1797 1777 1843 prebendas
1808 1802 1839 1831 et
1873 1800 2019 1832 canoni-

163 1866 270 1905 catus,
300 1871 376 1894 cum
405 1862 602 1894 vacauerint
635 1862 772 1894 racione
808 1859 1018 1894 fundacionis
1055 1870 1095 1892 ac
1123 1869 1212 1892 noue
1246 1861 1432 1893 creacionis
1460 1862 1604 1904 ipsorum
1635 1857 1835 1892 habentibus
1864 1869 1924 1904 per
1951 1868 2018 1892 non

163 1921 270 1956 nullos
298 1925 436 1967 propter
471 1920 551 1954 facti
595 1923 698 1967 ipsius
734 1920 945 1962 obliuionem,
980 1930 1081 1966 super
1113 1919 1273 1953 consimili
1309 1922 1380 1952 iure
1408 1918 1621 1964 presentandi
1659 1923 1749 1952 mote
1787 1921 1851 1952 sint
1879 1918 2020 1964 plurime

164 1985 369 2028 questiones,
398 1985 534 2028 propter
564 1981 648 2026 quod
677 1981 771 2023 tales,
802 1980 991 2015 huiusmodi
1019 1983 1070 2014 ius
1099 1979 1315 2026 presentandi
1350 1978 1562 2025 possidentes
1597 1979 1755 2024 legittime
1799 1989 1863 2012 non
1893 1989 2019 2024 paucos

162 2042 298 2078 labores
327 2046 425 2089 atque
453 2041 598 2088 dampna
628 2046 759 2076 constat
795 2045 910 2087 grauia
946 2044 1139 2081 incurrisse,
1177 2044 1361 2086 timensque
1397 2040 1623 2074 verisimiliter
1659 2039 1806 2085 prefatus
1844 2038 2018 2074 Johannes

163 2108 278 2150 utpote
305 2103 421 2150 laycus
450 2107 483 2136 et
512 2104 595 2136 iuris
625 2105 779 2137 canonici
816 2105 962 2146 nescius,
999 2113 1038 2136 se
1075 2113 1175 2148 super
1211 2102 1298 2135 dieto
1335 2101 1548 2148 presentandi
1584 2103 1653 2135 iure
1682 2099 1886 2146 temporibus
1914 2099 2018 2146 lapsis

163 2175 264 2211 posse
292 2163 439 2198 indebite
467 2161 615 2208 fatigari,
645 2162 740 2197 nobis
770 2162 934 2197 humiliter
962 2164 1171 2210 supplicauit,
1200 2167 1362 2210 quatenus
1393 2163 1512 2196 dictam
1542 2164 1813 2196 reseruacionem
1835 2162 1914 2194 iuris
1932 2171 2017 2207 pre-

165 2224 317 2260 sentandi
353 2223 395 2258 ad
429 2222 638 2270 prebendam
676 2228 708 2257 et
744 2226 976 2258 canonicatum
1013 2223 1180 2270 predictos
1215 2235 1275 2270 pro
1303 2234 1340 2258 se
1368 2235 1408 2258 ac
1436 2223 1501 2257 filio
1529 2233 1589 2257 suo
1616 2221 1774 2256 Pescone
1804 2221 1947 2268 prefato,
1977 2231 2017 2254 ac

164 2285 314 2320 eiusdem
342 2284 504 2319 Pesconis
533 2286 768 2330 primogenito,
804 2284 846 2318 de
881 2284 1023 2318 licencia
1060 2288 1092 2318 et
1120 2295 1286 2330 expresso
1314 2294 1508 2318 consensu.
1533 2310 1540 2316 .
1571 2285 1727 2328 prepositi
1756 2285 1810 2328 qui
1838 2287 1916 2316 tunc
1943 2280 2017 2323 fuit,

164 2350 197 2380 et
223 2348 327 2392 ipsius
355 2344 489 2390 capituli
517 2344 681 2389 legittime
709 2344 841 2387 factam,
878 2355 917 2378 ac
952 2355 1012 2391 per
1048 2345 1182 2379 eosdem
1217 2355 1382 2391 expresse
1418 2343 1609 2385 admissam,
1646 2342 1860 2389 approbando
1896 2341 2017 2377 litteris

165 2409 288 2442 nostris
316 2404 487 2440 ratificare
515 2404 767 2450 dingnaremur.
797 2405 868 2440 Nos
895 2408 996 2450 igitur
1031 2408 1134 2451 ipsius
1167 2404 1322 2450 precibus
1357 2408 1469 2449 vtpote
1506 2406 1614 2446 iustis,
1651 2402 1880 2437 fauorabiliter
1913 2402 2015 2436 incli-

164 2470 233 2502 nati
260 2469 433 2513 presertim
471 2468 548 2510 quia
585 2468 825 2512 premissorum
863 2468 1003 2501 conscii.
1040 2465 1202 2511 prefatam
1236 2468 1316 2499 iuris
1351 2464 1574 2510 presentandi.
1612 2466 1882 2498 reseruacionem
1916 2462 2016 2497 modo

165 2530 330 2575 premisso
358 2525 607 2562 racionabiliter
635 2525 769 2569 factam,
798 2526 975 2572 benignius
1018 2525 1241 2568 admittentes,
1283 2529 1462 2559 memorato
1491 2523 1633 2559 Johanni
1662 2527 1836 2569 presentes
1866 2522 2017 2558 dedimus
