2206 2735
1027 44 1075 78 713

117 165 252 197 tionem.
283 161 498 194 dotationem.
529 162 562 192 et
590 157 804 191 donationem
834 156 1020 190 huiusmodi
1043 157 1242 191 confirmare
1263 156 1304 190 dc
1324 156 1530 203 benignitate
1550 161 1733 206 apostolica
1755 160 1982 205 dignaremur.

118 222 188 258 Nos
224 226 333 268 itaque
369 223 473 266 ipsius
504 219 664 266 Episcopi
702 229 767 252 nec
805 229 870 251 non
902 218 1074 251 Carissimi
1111 220 1142 251 iu
1172 219 1304 252 Christo
1335 219 1388 253 lilii
1419 224 1519 254 nostri
1549 221 1661 256 Karoli
1693 221 1921 256 Romanorum
1951 227 1986 256 et

119 284 256 319 Boemie
287 282 392 327 Regis
421 281 562 315 Illustris
591 284 622 315 in
652 280 714 314 liae
744 284 838 325 parte
867 279 1167 325 supplicationibus
1197 281 1344 313 inclinati
1373 280 1600 316 fundationem
1639 288 1670 316 et
1707 283 1909 317 dotationem
1943 295 1984 317 ac

121 345 333 379 donationem
369 341 539 388 predictus
574 345 664 376 ratas
700 346 735 375 et
770 345 885 385 gratas
916 340 1079 374 babentes
1109 341 1180 374 illas
1209 352 1251 374 ex
1282 345 1373 374 certa
1403 345 1541 376 scientia
1571 343 1806 378 confirmamus
1836 349 1871 377 et
1899 355 1984 390 pre-

122 408 228 441 sentis
257 406 372 450 scripti
401 405 589 449 patrocinio
618 404 873 436 eonmumimus.
904 401 1019 435 Tenor
1049 406 1158 435 nutem
1188 402 1350 436 dictarum
1381 403 1561 438 litterarum
1598 406 1746 439 eiusdem
1778 405 1985 451 Arctnepis-

122 469 196 512 copi
226 465 300 499 talis
329 469 391 499 est.
423 463 493 498 Nos
523 464 689 498 Arnestns
720 463 781 496 Dei
813 467 845 496 et
875 463 1062 508 apostolice
1078 463 1181 497 ⁴-sedis
1210 466 1318 507 gratia
1349 469 1465 497 sancte
1496 464 1637 509 l’ragen.
1677 467 1826 501 ecclesie
1857 465 1986 499 Archi—

122 530 300 574 episcopns
329 525 369 560 ad
399 528 634 560 universorum
664 527 867 570 presentium
899 527 1124 568 inspectorum
1155 524 1348 558 deducimus
1385 528 1545 567 notitiam„
1585 527 1670 572 quod
1709 527 1914 561 venerabilis
1953 530 1985 562 in

122 588 256 622 Christo
286 587 383 621 Pater
411 590 444 620 et
472 586 625 619 dominus
654 585 808 618 dominus
838 583 1011 617 Jobannes
1040 584 1230 630 Episcopus
1260 585 1454 619 Olomucen.
1486 585 1588 620 frater
1617 591 1732 621 noster
1756 588 1852 622 nobis
1873 591 1986 633 signi-

123 649 224 684 ficare
253 651 384 683 curavit
413 646 499 693 quod
529 646 649 680 dudum
680 645 768 679 bone
799 647 959 678 memorie
989 644 1148 679 Nicotaus
1180 645 1360 680 Bolizaneti
1400 647 1564 693 quondam
1595 646 1687 682 Civis
1724 652 1858 682 maioris
1890 649 1988 683 Civi—

124 714 197 745 tatis
236 709 380 755 Pragen.
419 707 494 742 dum
532 707 639 741 adbuc
676 712 795 752 ageret
835 710 866 740 in
906 706 1059 740 humanis
1089 707 1197 740 locum
1228 704 1369 753 aliquem
1399 709 1591 753 religiosum
1621 712 1761 754 cupiens
1792 714 1923 743 terrena
1954 713 1988 744 et

124 773 315 806 transitoria
353 781 412 817 pro
449 771 575 802 eternis
614 768 702 802 felici
740 771 944 802 commercio
974 772 1190 809 commutare,
1226 773 1430 814 conceperat
1458 774 1489 803 et
1518 774 1751 815 proposueratq
1781 781 1821 803 ac
1851 773 1986 805 omnino

122 836 154 868 in
184 836 294 867 animo
323 843 383 866 suo
412 830 606 864 firmaverat
636 840 694 876 pro
724 840 785 863 sue
816 834 847 863 et
876 832 1127 875 progenitorum
1149 840 1282 862 suorum
1305 832 1486 863 animarum
1509 835 1790 876 peccatorumque
1811 828 1986 865 remedio—

123 905 188 941 que
217 899 250 928 et
278 893 383 928 salute
412 895 607 925 construere
639 895 671 924 et
700 890 853 927 fundare.
884 893 1058 936 ipsumque
1089 902 1147 936 pro
1176 902 1236 924 sno
1265 902 1368 936 posse
1398 890 1513 924 dotare
1544 896 1573 924 et
1603 891 1719 925 ditare.
1759 892 1846 936 quod
1877 896 1985 926 tamen

122 955 309 990 infirmitate
344 958 376 987 et
404 953 536 987 demum
565 956 671 985 morte
700 955 884 997 preventus
914 962 979 985 non
1011 951 1151 998 perfecit
1181 962 1258 997 ymo
1288 962 1350 985 nec
1379 954 1475 985 etiam
1506 952 1685 986 inchoavit.
1718 952 1845 987 Nolens
1876 957 1986 986 tamen

124 1019 197 1064 ipse
226 1015 383 1050 Nicotaus
421 1018 456 1048 ut
485 1016 536 1048 sni
565 1013 720 1046 desiderii
750 1015 934 1059 propositio
964 1012 1191 1056 frustraretur,
1227 1015 1280 1047 vel
1320 1016 1350 1046 in
1386 1014 1494 1059 aliquo
1523 1012 1744 1060 fraudaretur7
1782 1013 1841 1048 sed
1878 1016 1986 1060 potius

125 1080 316 1112 executioni
345 1075 570 1111 mandaretur.
600 1075 675 1108 lieet
706 1073 854 1107 infirmus
875 1084 1017 1119 corpore
1039 1078 1070 1107 01
1091 1077 1121 1107 111
1145 1075 1230 1108 10010
1251 1075 1447 1119 egritudinis
1468 1078 1680 1118 constitutus7
1709 1078 1741 1108 in
1763 1086 1826 1121 quo
1847 1074 1989 1109 finaliter

125 1149 258 1172 cursum
287 1147 347 1171 sue
377 1139 445 1171 vite
475 1135 591 1170 finivit.
622 1146 723 1169 sanus
754 1139 864 1168 tamen
894 1139 923 1168 01
956 1137 1085 1179 integra
1116 1141 1226 1169 mente
1257 1140 1410 1170 testatum
1441 1136 1598 1179 condidit,
1629 1140 1660 1169 et
1690 1136 1839 1170 eiusdem
1863 1135 1989 1170 Testa-

125 1202 225 1234 menti
264 1201 500 1233 executionem
539 1196 627 1230 111010
666 1196 800 1229 1101111110
831 1195 997 1242 Episcopo
1028 1196 1222 1230 Olomucen.
1262 1196 1352 1230 fratri
1383 1201 1496 1231 nostro
1526 1200 1692 1231 commisit
1720 1200 1926 1231 constituens
1957 1200 1990 1230 et

125 1261 288 1307 deputans
318 1270 394 1293 eum
422 1258 640 1305 principalem
670 1262 703 1291 et
731 1257 912 1302 specialem
943 1262 1162 1290 executorem
1193 1268 1251 1290 sue
1282 1262 1432 1291 extreme
1461 1263 1490 1291 et
1522 1258 1632 1291 ultime
1662 1258 1840 1292 voluntatis
1862 1268 1988 1302 rogans

124 1327 156 1356 et
184 1321 346 1368 deputans
375 1323 460 1354 inter
489 1324 603 1353 cetera
633 1318 774 1353 eundem
807 1318 974 1352 dominum
997 1318 1211 1364 Episcopum,
1242 1323 1276 1352 ut
1296 1324 1505 1364 pretaxatum
1527 1330 1620 1353 suum
1642 1322 1846 1365 propositum
1867 1318 1987 1352 dudum

125 1393 186 1428 per
219 1385 325 1428 ipsum
359 1386 394 1415 ut
431 1381 613 1427 predicitur
641 1384 840 1426 conceptum
871 1379 912 1413 de
942 1379 1110 1412 fundando
1140 1383 1170 1412 et
1200 1380 1425 1413 construendo
1454 1392 1493 1414 ac
1523 1379 1666 1413 dotando
1697 1379 1883 1413 huiusmodi
1914 1379 1988 1413 loeo

125 1443 286 1489 religioso
316 1441 500 1477 efficaciter
529 1441 723 1487 adimpleret
753 1442 872 1485 legans
902 1444 935 1474 et
962 1441 1155 1486 relinquens
1188 1439 1305 1474 Villam
1337 1441 1525 1475 luhodersiz
1555 1453 1593 1474 ac
1623 1445 1735 1474 certas
1766 1442 1987 1486 pertinentias

125 1515 186 1551 pro
215 1503 408 1538 fundatione
438 1507 471 1537 et
500 1503 667 1537 dotatione
696 1502 868 1549 predictis.
926 1502 1000 1541 Quo
1030 1506 1230 1535 testamento
1260 1505 1307 1536 sic
1338 1513 1395 1547 per
1424 1505 1529 1548 ipsum
1560 1501 1647 1535 facto
1677 1506 1710 1536 et
1739 1501 1875 1534 condito
1905 1511 1990 1546 pre-

125 1565 215 1600 fatus
245 1565 404 1599 Nicotaus
433 1567 464 1598 in
495 1563 626 1597 Christo
655 1574 730 1597 cum
762 1563 909 1609 patribus
939 1562 1150 1596 obdormivit.
1183 1563 1407 1596 Considerans
1428 1567 1537 1596 autem
1558 1563 1728 1608 predictus
1752 1562 1856 1595 frater
1877 1566 1990 1595 noster

125 1626 314 1673 Episcopus
345 1625 540 1659 Olomucen.
572 1624 697 1659 decens
727 1628 760 1658 et
790 1626 995 1657 meritorium
1026 1623 1098 1656 fore
1127 1623 1358 1657 defunctorum
1389 1626 1459 1669 pias
1490 1628 1520 1656 et
1550 1623 1679 1657 ultimas
1701 1623 1893 1656 voluntates
1915 1622 1989 1656 sol-

129 1687 203 1722 lerti
232 1698 271 1721 ac
301 1686 447 1731 diligenti
477 1686 585 1720 studio
615 1686 800 1732 adimpleri,
831 1686 951 1719 volens
980 1684 1064 1730 quod
1087 1684 1225 1730 predicti
1247 1684 1410 1729 quondam
1434 1683 1561 1717 Nicolai
1583 1683 1834 1729 dispositionem
1858 1683 1990 1717 ell'ectui

129 1751 335 1794 0101101ρο10,
364 1751 464 1794 petita
495 1759 512 1781 a
542 1746 637 1781 nobis
667 1748 801 1781 licentia
832 1751 863 1779 ct
892 1748 1091 1779 auctoritate
1121 1748 1270 1790 primitus
1299 1749 1331 1778 01
1359 1744 1494 1778 obtenta
1522 1743 1703 1778 Monaster.
1736 1744 1990 1777 Sanctimonia—

128 1810 205 1843 lium
245 1808 370 1843 ordinis
409 1811 516 1843 sancti
552 1808 724 1842 Benedicti
755 1819 785 1841 111
816 1807 956 1853 quadam
987 1818 1064 1840 area
1095 1818 1154 1841 seu
1185 1807 1258 1840 loco
1288 1806 1397 1851 plateo
1425 1808 1582 1839 50111100
1602 1804 1784 1838 Judeorum
1805 1808 1989 1849 continguo

130 1874 161 1903 et
189 1872 303 1904 vicino
332 1873 364 1903 in
393 1869 479 1903 dicta
510 1869 652 1903 Civitate
682 1869 826 1913 Pragen.
858 1872 977 1902 situato
1007 1873 1100 1913 prout
1132 1870 1229 1900 eliam
1260 1870 1330 1912 ipse
1360 1866 1515 1900 Testator
1548 1869 1597 1900 sic
1627 1866 1698 1900 11011
1728 1866 1928 1900 decreverat
1956 1868 1990 1898 et

130 1931 341 1977 disposuerat
382 1930 566 1964 accedente
602 1930 641 1964 ad
678 1929 740 1963 hoc
778 1929 886 1963 felicis
927 1928 1169 1962 recordationis
1208 1928 1422 1961 Illustrissimi
1460 1930 1619 1973 principis
1663 1927 1829 1974 quondam
1866 1925 1989 1959 domini

128 1990 297 2026 Johannis
326 1996 404 2026 tunc
435 1990 571 2024 Boemie
602 1990 705 2036 Regis
735 1993 952 2024 conniventia
982 1994 1014 2023 et
1042 2000 1211 2023 consensu
1241 1988 1390 2022 fundavit
1420 1992 1591 2023 constituit
1627 1992 1658 2023 et
1696 1991 1805 2022 erexit
1834 1989 1989 2021 institutis

128 2055 163 2086 in
192 2063 232 2086 eo
261 2052 379 2086 eadem
408 2055 604 2086 auctoritate
633 2056 745 2085 nostra
776 2051 836 2085 sibi
867 2062 925 2097 per
955 2062 1014 2084 nos
1045 2054 1075 2084 in
1107 2050 1167 2083 bac
1196 2054 1289 2095 parte
1318 2051 1467 2083 similiter
1503 2055 1535 2083 et
1569 2050 1762 2095 specialiter
1800 2047 1918 2081 tradita
1957 2051 1990 2081 el:

129 2124 295 2147 concessa
324 2112 506 2147 Abbatissa
536 2117 567 2146 01
596 2112 921 2146 Sanctimonialibus.
953 2122 1017 2156 qno
1048 2114 1078 2144 iu
1108 2112 1194 2145 dicto
1224 2111 1428 2144 Monasterio
1458 2111 1518 2144 sub
1549 2111 1663 2156 regula
1693 2114 1725 2143 01
1754 2109 1899 2153 regulari
1922 2109 1988 2143 lia-

130 2173 197 2207 bitu
226 2173 363 2219 predicti
393 2173 520 2207 ordinis
549 2176 656 2207 sancti
686 2173 860 2207 Benedicti
890 2176 1105 2217 omnipotenti
1137 2172 1207 2205 Deo
1237 2172 1360 2205 devote
1381 2177 1410 2205 01
1434 2172 1598 2205 1111111111101
1618 2171 1820 2205 famulantes
1845 2171 1992 2204 divinum

130 2234 274 2269 officium
304 2234 454 2268 diurnum
485 2234 641 2268 videlieet
670 2239 701 2268 et
730 2238 929 2267 nocturnum
962 2233 1123 2267 deberent
1151 2238 1183 2267 et
1206 2232 1347 2266 debeant
1368 2234 1559 2274 decantare.
1590 2243 1628 2266 ac
1650 2231 1757 2265 eidem
1782 2231 1989 2265 Monasterio

130 2298 163 2329 in
192 2295 280 2329 dicto
317 2295 428 2329 officio
465 2296 645 2340 vigilanter
673 2299 705 2328 01
734 2294 875 2328 fideliter
905 2295 1088 2327 deservire.
1135 2294 1182 2327 Ne
1212 2298 1319 2327 antem
1350 2295 1488 2327 alicuius
1518 2294 1730 2326 necessitatis
1762 2294 1900 2325 occasio
1929 2301 1990 2325 seu

132 2356 285 2390 defectus
313 2357 543 2402 temporalium
573 2366 630 2389 eas
660 2355 792 2389 desides
823 2355 952 2389 faceret
981 2360 1035 2388 aut
1065 2355 1166 2388 robur
1186 2355 1270 2400 quod
1293 2355 1375 2387 absit
1397 2356 1664 2387 conversationis
1685 2352 1887 2397 infringeret
1906 2362 1989 2397 pre-

131 2420 242 2451 sertim
273 2428 346 2451 cum
377 2417 558 2464 spiritualia
588 2420 660 2450 sine
689 2416 926 2462 temporalibus
958 2427 1021 2449 non
1053 2416 1244 2449 subsistant.
1276 2416 1406 2449 Idcirco
1435 2414 1581 2460 prefatus
1611 2413 1714 2447 frater
1743 2418 1858 2447 noster
1886 2412 1991 2458 Epis-

132 2488 236 2523 copus
265 2477 460 2512 Olomucen.
492 2483 655 2512 executor
684 2478 850 2524 quondam
881 2476 1009 2510 Nicolai
1049 2477 1186 2522 predicti
1224 2476 1309 2509 bona
1346 2486 1403 2509 seu
1439 2476 1535 2508 villas
1570 2474 1801 2520 iuli-ascriptas
1833 2473 1992 2507 videlicet

130 2538 332 2581 lubodersiz.
362 2550 426 2585 que
455 2550 515 2585 per
543 2539 663 2573 1110111111
694 2538 903 2572 Testatorem
932 2549 991 2583 pro
1022 2537 1209 2572 huiusmodi
1239 2537 1432 2570 fundatione
1460 2536 1575 2569 relicta
1606 2535 1715 2578 fuerit,
1747 2539 1781 2568 ut
1810 2534 1990 2580 prefertur,
