2206 2735
1089 47 1162 82 119

204 162 242 196 ad
272 161 410 195 verbum
435 164 560 195 mentio
589 160 753 194 facienda.
785 171 843 205 per
871 171 934 205 que
963 164 1076 194 nostre
1104 159 1338 194 iurisdictionis
1366 160 1544 205 explicatio
1574 161 1732 194 retardari
1762 164 1866 207 possit
1884 161 1938 195 vel
1959 172 2047 206 quo-

203 221 382 256 modolibet
411 221 572 267 impediri.
603 222 669 254 Aut
700 223 726 254 si
757 220 918 266 aliquibus
946 223 1165 254 communiter
1193 220 1246 254 vel
1276 218 1408 256 divisim
1439 220 1478 253 ab
1499 221 1613 254 eadem
1635 221 1715 255 sede
1736 221 1891 255 indultum
1913 224 2046 255 existat.

203 282 288 329 quod
319 281 479 323 interdici,
509 280 679 326 suspendi.
710 281 763 314 vel
793 283 1075 314 excommunicari
1104 291 1169 314 non
1200 283 1327 326 possint
1354 292 1414 326 per
1443 281 1553 315 literas
1577 282 1779 326 apostolicas
1800 293 1864 315 non
1886 281 2047 315 facientes

203 344 331 388 plenam
362 347 392 376 et
421 352 614 387 expressam
645 352 685 374 ac
714 341 754 374 de
783 341 887 375 verbo
916 341 956 374 ad
985 340 1124 374 verbum
1153 341 1194 374 de
1222 341 1346 375 indulto
1374 341 1558 375 huiusmodi
1579 345 1789 376 mentionem.
1819 342 1937 376 Datum
1959 343 2047 376 Avi-

203 406 301 437 nione
330 402 440 436 lilibus
468 402 592 446 Aprilis
623 402 722 434 Anno
753 401 901 435 Decimo.

509 480 584 514 (Aus
610 480 664 505 iton
689 480 767 513 (trig.
795 480 864 512 [tog.
892 480 1023 505 Clemens
1047 478 1092 506 VI.
1124 479 1172 505 lib.
1199 480 1225 511 3,
1255 489 1322 513 pars
1348 480 1376 515 2,
1407 481 1490 514 epist.
1517 480 1586 511 5157,
1618 489 1684 513 pag.
1712 481 1783 508 1242
1816 481 1959 506 Vidimirte
1991 480 2045 506 Ab·

613 530 713 557 schrift
740 532 775 556 iin
801 531 1057 562 Landesa1·ctiive.i

1080 678 1182 722 [57.

958 764 1016 797 17,
1047 764 1153 808 April
1181 763 1290 797 1352.

358 840 425 893 R.
456 859 534 893 Karl
564 858 620 893 lV.
661 858 793 892 befiehlt
829 858 902 892 dem
939 858 1110 892 Kastellan
1146 869 1212 892 von
1250 858 1493 903 Klingenberg.
1533 857 1694 891 Gerbard.
1735 857 1810 891 dass
1847 868 1884 891 er
1913 857 1966 890 die
1995 869 2045 891 um

196 921 278 963 Jene
308 919 397 964 Burg
425 919 602 963 liegendeu
632 918 765 960 Dor-fer„
796 921 828 952 in
857 918 959 952 deren
990 919 1100 952 Besitz
1130 930 1166 952 er
1194 919 1264 952 sicli
1292 923 1423 964 gesetzt
1451 919 1551 953 batte.
1581 918 1654 951 dem
1678 918 1807 966 Prager
1826 917 2047 952 Erzbischol'e

201 979 437 1025 zuriickgeben
465 984 574 1024 moge.
606 1000 653 1004 ἢ
684 979 736 1013 Dt.
768 982 799 1012 in
830 978 915 1013 Alba
945 980 1041 1024 Aqua
1071 978 1178 1012 XVII.
1217 977 1271 1012 die
1309 982 1432 1012 mensis
1462 979 1599 1024 Aprilis.
1639 978 1829 1022 Regnorum
1859 982 2045 1012 nostrorum

201 1051 287 1074 anno
316 1045 427 1074 sexto.

506 1105 709 1140 (Abgedruckt
734 1106 761 1130 in
789 1102 892 1131 Pelzl's
917 1105 987 1130 Karl
1011 1105 1058 1131 lV.
1086 1105 1316 1131 Urkuudenbuch
1348 1103 1369 1131 I.
1396 1105 1449 1130 Th.
1475 1113 1502 1137 p.
1528 1105 1611 1139 222.)

1079 1250 1178 1285 158.

200 1338 307 1382 Papst
338 1337 490 1371 Clemens
525 1338 579 1372 VI.
610 1341 752 1372 ernemet
780 1337 995 1371 den.All›ert
1021 1348 1084 1370 eon
1118 1336 1307 1381 Stet-libem
1336 1348 1379 1370 an
1409 1337 1519 1371 Stelle
1547 1338 1606 1370 des
1636 1337 1878 1370 tersior-heneti
1909 1337 2048 1370 Conrad

201 1410 262 1432 ron
291 1398 409 1432 Brilim
443 1410 517 1432 zum
551 1398 723 1432 Olmiitzer
750 1398 1028 1431 Domdeclmnlen
1066 1399 1133 1431 ‘inid
1168 1398 1331 1431 arnmlHrt
1364 1399 1417 1432 die
1445 1410 1518 1431 rom
1553 1399 1697 1442 Kapilel
1722 1399 1910 1442 yetroffene
1945 1398 2047 1433 Walil

301 1460 360 1492 (les
389 1459 509 1493 Stibor
536 1470 601 1492 voli
629 1459 784 1492 liii-stein
813 1459 879 1492 wid
915 1458 1010 1492 ts'itlto
1038 1470 1102 1491 von
1133 1450 1289 1492 Zslam'tz.
1333 1459 1393 1492 Dc.
1424 1459 1579 1503 Arigsnon
1610 1459 1668 1492 23.
1700 1459 1802 1503 April
1831 1458 1940 1492 1352.

353 1535 529 1589 Clemens
557 1555 744 1601 Episcopus
773 1554 902 1588 Servus
932 1554 1114 1587 Servorum
1146 1554 1204 1587 Dei
1236 1554 1366 1587 Dilecto
1394 1554 1460 1588 filio
1491 1554 1629 1587 Alberto
1666 1554 1706 1587 de
1736 1552 1939 1587 Sternberch
1968 1552 2042 1586 De-

197 1626 280 1647 cano
309 1617 457 1649 ecclesie
487 1616 682 1650 olomucen.
720 1616 866 1649 Salutem
898 1620 928 1648 et
959 1615 1185 1661 Apostolicam
1217 1615 1500 1648 Beni-dictionem.

351 1675 573 1721 Exigentibus
603 1676 774 1722 probitatis
804 1682 858 1709 tue
887 1679 1010 1709 meritis
1039 1687 1140 1721 super
1170 1675 1287 1721 quibus
1317 1675 1400 1721 apud
1431 1686 1492 1709 nos
1528 1675 1694 1720 lidedigno
1728 1678 1914 1708 testimonio
1943 1686 2041 1708 com-

197 1734 366 1769 mendaris
395 1737 590 1779 inducimur,
627 1741 661 1770 ut
690 1747 867 1782 personam
897 1741 983 1769 tuam
1021 1736 1203 1782 apostolice
1232 1736 1454 1770 munificentie
1481 1739 1587 1780 gratia
1616 1746 1866 1781 prosequamur.
1911 1735 2038 1769 Dudum

196 1795 355 1839 siquidem
391 1797 602 1830 intendentes
638 1796 679 1830 de
707 1796 878 1830 Decanatu
917 1797 1062 1830 ecclesie
1091 1796 1285 1830 olomucen.
1327 1807 1424 1841 quem
1456 1796 1618 1841 quondam
1650 1795 1822 1830 Conradus
1855 1795 2039 1841 Wayffonis

196 1855 237 1888 de
269 1856 400 1890 Brunna
429 1860 531 1903 ipsius
559 1858 703 1891 ecclesie
735 1857 890 1890 Decanus
927 1862 1003 1890 tunc
1041 1860 1198 1903 temporis
1235 1857 1414 1899 obtinebat,
1452 1868 1524 1890 cum
1560 1857 1645 1890 illum
1676 1868 1800 1890 vacare
1828 1859 2038 1900 contingeret

196 1929 254 1962 per
291 1918 473 1962 apostolice
508 1918 598 1951 sedis
634 1918 874 1964 providentiam
912 1918 1054 1952 ordinari
1085 1918 1289 1951 Decanatum
1327 1921 1432 1962 ipsum
1475 1917 1548 1951 dum
1591 1917 1697 1950 adbuc
1743 1917 1828 1950 idem
1866 1916 2037 1951 Conradus

196 1983 311 2022 ageret
347 1982 377 2011 in
414 1978 563 2012 limnanis
592 1979 747 2012 videlicet
776 1978 854 2012 VIlI
889 1978 963 2012 ldus
990 1978 1136 2012 ‚Ianuarii
1168 1978 1381 2012 Pontilicatus
1415 1981 1516 2011 nostri
1556 1978 1654 2011 Anno
1685 1978 1833 2023 Septimo
1871 1978 2038 2011 collationi

195 2043 228 2071 et
257 2038 465 2084 dispositioni
502 2043 614 2072 nostre
652 2038 728 2072 dum
759 2044 868 2073 tamen
896 2038 1087 2072 Decanatus
1125 2041 1196 2084 ipse
1224 2039 1366 2083 dignitas
1396 2039 1449 2072 vel
1478 2042 1675 2083 personatus
1705 2042 1759 2071 aut
1787 2037 1929 2071 officium
1959 2040 2036 2071 exi—

197 2102 298 2131 steret
335 2098 488 2132 duximus
526 2109 565 2131 ea
604 2102 677 2131 vice
707 2099 896 2144 specialiter
924 2099 1175 2133 reservandum.
1233 2099 1461 2133 Decernentes
1490 2109 1533 2131 ex
1561 2103 1639 2132 tunc
1667 2101 1790 2132 irritum
1821 2103 1851 2131 et
1880 2101 1978 2132 inane
2007 2101 2034 2131 si

196 2169 296 2192 secus
325 2170 424 2204 super
452 2159 514 2192 hiis
543 2170 559 2191 a
590 2170 751 2204 quoquam
781 2162 898 2204 quavis
927 2161 1123 2193 auctoritate
1152 2162 1297 2193 scienter
1317 2159 1369 2193 vel
1390 2162 1582 2203 ignoranter
1608 2162 1815 2203 contingeret
1834 2161 2032 2203 attemptari.

196 2218 405 2252 Postmodum
434 2230 516 2253 vero
547 2219 716 2253 Decanatu
745 2222 830 2265 ipso.
866 2223 919 2265 qui
948 2220 1090 2264 dignitas
1126 2224 1188 2261 est,
1224 2230 1284 2265 per
1321 2219 1469 2253 eiusdem
1499 2217 1641 2252 Conradi
1677 2218 1800 2252 obitum
1829 2221 1881 2263 qui
1911 2221 1942 2251 in
1972 2218 2033 2251 illis

197 2278 341 2323 partibus
370 2279 454 2312 diem
485 2280 601 2313 clausit
629 2285 814 2313 extremum
843 2285 997 2322 vacante,
1027 2279 1136 2313 dilecti
1164 2279 1217 2313 filii
1239 2278 1422 2325 Capitulum
1451 2279 1597 2312 ecclesie
1627 2278 1773 2324 predicte
1791 2282 2032 2311 reservationis

196 2344 229 2372 et
257 2339 381 2372 decreti
409 2339 632 2385 predictorum
661 2345 755 2386 prout
783 2343 944 2374 asseritur
971 2342 1078 2384 ignari
1107 2340 1271 2385 quondam
1291 2339 1470 2373 Stiborium
1491 2339 1531 2372 de
1550 2339 1716 2372 Hiersteni
1739 2341 1844 2384 primo
1864 2344 1895 2371 et
1915 2338 2033 2371 deinde

196 2400 283 2433 dicto
319 2399 464 2433 Stihorio
497 2400 598 2435 rebus
633 2400 785 2434 humanis
820 2405 990 2447 exempto.²
1027 2400 1182 2433 dilectum
1218 2400 1319 2434 filium
1358 2399 1552 2433 Witkonem
1589 2399 1629 2432 de
1664 2398 1799 2432 Zdanitz
1828 2397 2031 2432 Canonicum

195 2462 298 2505 ipsius
327 2460 472 2494 ecclesie
499 2463 531 2494 in
560 2471 674 2495 eorum
703 2465 735 2494 et
763 2461 850 2495 dicte
879 2461 1022 2495 ecclesie
1049 2460 1218 2494 Decanum
1248 2460 1326 2493 licet
1354 2459 1395 2493 de
1423 2459 1512 2493 facto
1541 2459 1682 2493 diversis
1720 2461 1914 2493 successive
1942 2460 2032 2492 vici-

197 2521 257 2555 bus
285 2520 472 2565 elegerunt.
500 2525 533 2554 et
559 2521 759 2568 quibuslibet
786 2522 978 2556 eorumdem
1007 2520 1139 2555 Stihorii
1169 2525 1201 2554 et
1219 2519 1389 2554 Witkonis
1418 2520 1614 2553 electionem
1642 2530 1733 2552 suam
1762 2518 1944 2552 huiusmodi
1974 2529 2032 2564 per
