2206 2735
1055 49 1119 83 15¹2

162 163 286 210 pellare
307 166 567 205 consueverunt,
598 161 765 196 deducere
795 165 921 209 possint
949 162 1002 195 tali
1032 161 1244 198 condicione.
1274 161 1359 207 quod
1389 173 1452 196 una
1487 173 1624 209 qua-que
1645 166 1783 197 vectura
1810 163 1860 198 GO
1880 162 2010 198 tabulas

161 229 195 258 et
223 224 402 257 tabularum
432 222 585 268 quaelibet
613 233 674 256 sex
704 222 822 257 robora
853 225 926 256 sive
955 222 1043 267 ligna
1073 225 1104 257 in
1135 233 1171 257 se
1200 225 1369 256 contineat
1397 226 1429 256 et
1456 234 1521 258 non
1551 223 1646 258 ultra.
1690 222 1743 258 Dt.
1775 222 1883 268 Pruge
1910 222 2009 259 1353

163 285 272 319 indict.
304 283 359 318 vl.
390 286 528 330 septima
557 283 641 329 ydus
673 282 856 318 Februarii.

468 362 671 396 (Aligedruekt
698 362 725 387 in
752 360 853 388 Peizl’s
884 361 954 387 Kar!
981 361 1027 389 iv.
1057 361 1245 388 urkundenb.
1270 361 1288 387 1.
1312 361 1366 388 Ti».
1393 369 1420 396 p.
1448 361 1531 396 103.)

1036 516 1140 551 192.

890 603 948 636 20.
980 602 1136 636 Febrmir
1166 602 1274 636 1353.

308 679 546 745 ''argaretba
582 698 622 732 de
660 697 872 733 Draliotuscb
909 697 1095 741 abbatissa,
1140 698 1291 732 Genii-ud
1330 701 1486 745 priorissa
1525 703 1558 733 et
1595 703 1782 733 conuentus
1816 697 2009 734 Monasterii

161 772 185 794 s.
216 760 331 794 ‚iacobi
367 761 490 794 ordinis
525 771 551 793 s.
575 760 751 804 Augustini
781 761 811 792 in
842 758 1002 792 Olomucz
1031 778 1080 783 ——-
1112 759 1158 805 ¹s'2
1187 770 1331 793 marcam
1364 779 1406 783 -—
1438 769 1561 793 census
1590 769 1691 804 supcr
1723 758 1833 793 villam
1862 764 2008 794 nostram

161 821 332 868 Mflanaw
367 841 407 845 -—
439 820 559 854 deuote
589 822 695 854 sorori
725 818 898 853 Elizabetb
934 818 1020 853 dicte
1050 819 1322 864 Schonbergerin
1361 830 1420 865 pro
1451 820 1471 853 5
1500 821 1622 853 marcis
1654 818 1862 854 vendidimus
1894 840 1935 845 —
1967 821 2008 855 ad

162 887 310 928 tempora
354 893 412 915 sue
441 885 509 915 vite
538 901 586 906 -—
616 891 687 927 quae
716 880 889 914 Elizabetb
919 880 1079 923 decernit,
1110 884 1143 914 ut
1172 884 1245 926 post
1273 884 1410 913 mortem
1447 881 1518 925 ejus
1548 891 1672 915 census
1703 879 1743 914 ad
1773 883 2010 915 monasterium

162 943 286 977 redeat.
318 946 358 975 ita
390 947 421 976 nt
451 945 480 976 in
510 943 740 976 anniversario
770 943 870 987 ipsius
903 941 946 975 1¹2
977 943 1088 975 orossi
1118 940 1354 975 distribuantur
1388 944 1420 974 et
1457 940 1503 974 10
1531 943 1641 985 grossi
1675 950 1734 986 pro
1763 943 1907 987 pitancia
1936 941 2010 975 sra—

162 1008 244 1037 trum
276 1006 466 1037 monasterii
496 1002 526 1036 b.
559 1002 705 1046 Virginis
735 1001 841 1035 Mai-ie
877 1004 907 1035 in
938 1001 1154 1036 Scbonbercb
1191 1001 1316 1035 ordinis
1354 1000 1598 1047 predicatorum
1629 1001 1768 1046 singulis
1797 1004 1893 1036 annis
1922 1012 2011 1036 con-

162 1066 238 1098 tulit.
276 1085 313 1088 —
350 1064 401 1098 Dt.
437 1064 543 1107 1353,
574 1062 655 1097 seria
687 1063 707 1097 4
738 1067 813 1109 post
842 1062 1038 1096 dominicam
1069 1062 1312 1097 Reminiscere.

468 1152 520 1185 {Ex
546 1151 615 1185 orig.
642 1151 668 1176 in
693 1150 770 1177 arch.
796 1150 915 1184 capituli
941 1149 1032 1177 Olom.
1059 1150 1183 1175 extraxit
1208 1149 1276 1178 Aut.
1302 1148 1423 1185 Boc-ek.)

1041 1304 1144 1340 193.

163 1393 236 1427 Das
267 1393 409 1437 li'npi'lel
437 1394 468 1425 ἱιι
499 1391 705 1425 ,illIutnz-lan
732 1390 804 1436 qim
832 1392 926 1424 selue
956 1390 1198 1436 Zuslc‘mmnnq,
1229 1392 1307 1426 dass
1335 1392 1395 1426 der
1422 1391 1590 1425 zwiseleen
1619 1391 1808 1426 demselben
1842 1392 1908 1426 med
1936 1393 2008 1426 (lem

160 1455 215 1488 Kl.
248 1455 363 1487 Maria
393 1453 484 1487 Saal
510 1451 731 1486 sehwebemle
761 1452 871 1486 Slrez'l
902 1451 1078 1496 bezilylieloe
1106 1453 1167 1486 der
1201 1452 1424 1497 l‘Vez'uglc'm-ten
1451 1454 1484 1486 in
1515 1452 1674 1486 Nilcoleie
1703 1452 1808 1486 durch
1837 1452 2008 1487 Schieds—

496 1513 625 1547 ricleter
654 1512 823 1558 bee'yeleyt
853 1513 974 1546 werde.
1011 1512 1070 1546 Dt.
1101 1512 1258 1546 Bmzz-lau
1287 1512 1346 1546 24.
1376 1512 1533 1546 Febr-nar
1563 1512 1673 1547 1353.

317 1591 456 1645 Petrus
489 1609 599 1643 diuina
636 1608 851 1655 providencia
891 1611 1088 1654 prepositus,
1127 1608 1322 1642 Jarosslaus
1359 1607 1536 1652 Decanus,
1579 1607 1784 1643 Scolasticus
1822 1612 1854 1642 et
1890 1607 2011 1643 Custos

163 1676 329 1717 totumque
359 1672 544 1717 Capitulum
574 1670 697 1704 Sancte
726 1670 990 1704 Bolezlauiensis
1019 1669 1184 1712 Ecclesie‚
1223 1668 1342 1703 Notum
1372 1667 1512 1702 facimus
1546 1672 1662 1702 tenore
1690 1671 1901 1714 presencium
1928 1671 2011 1703 vni-

163 1735 280 1766 uersis.
316 1733 409 1773 Quod
447 1743 509 1766 nos
547 1731 587 1765 de
617 1730 764 1765 Consilio
801 1735 832 1764 et
866 1730 906 1763 de
935 1735 1061 1764 matura
1091 1729 1338 1764 deliberacione
1366 1729 1398 1764 in
1426 1728 1578 1763 Nobilem
1610 1732 1716 1763 virum
1746 1729 1866 1763 dictum
1896 1728 2011 1763 Czen—

163 1794 283 1827 konem
312 1793 352 1826 de
381 1793 485 1840 Lypa.
517 1792 686 1826 Summum
717 1791 826 1836 Regni
858 1792 992 1825 Boemie
1021 1790 1263 1825 Marsebalcum
1301 1795 1334 1824 et
1371 1793 1402 1824 in
1439 1789 1665 1824 honorabilem
1704 1793 1809 1825 virum
1843 1789 2008 1824 dominum

163 1854 346 1888 Joliannem
377 1854 417 1887 de
446 1853 621 1899 Nymokur
649 1852 843 1886 Monasterii
880 1853 954 1886 aule
991 1855 1106 1885 sancte
1134 1851 1239 1885 Marie
1274 1853 1415 1895 virginis
1452 1854 1482 1884 in
1513 1854 1645 1896 antiqua
1675 1851 1822 1893 Brvnna‚
1867 1850 2010 1885 Olomu—

163 1918 275 1949 censis
314 1915 469 1961 dyocesis
507 1917 721 1961 prepositum.
761 1919 916 1959 tanquam
946 1916 977 1946 in
1007 1912 1162 1947 Arbitros
1192 1917 1224 1946 et
1252 1910 1480 1945 Arbitratorcs
1513 1922 1615 1946 veros
1645 1916 1677 1945 et
1704 1911 1880 1956 legittimos
1909 1922 2011 1956 super

163 1975 314 2009 omnibus
343 1980 375 2009 et
405 1976 543 2019 singulis
573 1975 690 2008 Causis
719 1985 778 2008 seu
807 1974 1056 2008 Controuersiis
1085 1976 1170 2007 inter
1199 1983 1260 2006 nos
1290 1983 1334 2006 ex
1364 1983 1428 2006 vna
1459 1977 1490 2006 et
1511 1971 1732 2006 venerabiles
1760 1983 1799 2006 ac
1819 1971 2009 2016 Religiosas

164 2039 313 2079 virgines
344 2035 554 2069 Abbatissam
586 2035 780 2069 Priorissam
811 2039 843 2068 et
871 2039 971 2069 totum
1003 2033 1209 2068 Conuentum
1239 2032 1431 2066 Monasterii
1453 2032 1590 2079 predicti
1620 2044 1660 2066 ac
1688 2036 1801 2066 nostro
1831 2036 1862 2065 et
1881 2032 2010 2066 Eccle-

164 2100 284 2131 siarum
315 2101 501 2130 nostrarum
527 2099 670 2130 nomine.
701 2100 794 2141 parte
824 2106 868 2129 ex
897 2095 998 2129 altera
1030 2094 1238 2128 vertentibus
1267 2105 1327 2129 seu
1357 2094 1526 2128 vertendis
1561 2097 1658 2138 atque
1687 2096 1717 2127 in
1745 2092 1874 2127 Judicio
1903 2096 2009 2139 spiri-

165 2157 240 2191 tuali
279 2160 340 2190 iam
381 2157 499 2190 (ludum
539 2160 634 2189 motis
670 2160 742 2190 siue
776 2156 961 2199 mouendis,
1000 2167 1102 2201 super
1130 2154 1323 2200 quibusdam
1353 2153 1531 2193 Montibusq
1562 2156 1682 2197 vineis,
1713 2156 1818 2198 agris3
1849 2153 2011 2188 fructibus

165 2223 196 2251 ct
225 2220 440 2264 pertinenciis
471 2217 650 2250 eorundum
681 2220 765 2251 inter
796 2218 953 2263 Auspecz
983 2221 1015 2250 et
1043 2216 1246 2262 Nycolczicz
1276 2214 1472 2259 iacentibus,
1503 2215 1543 2248 de
1572 2215 1636 2248 alto
1665 2218 1697 2247 et
1718 2214 1758 2247 de
1778 2214 1884 2249 Basso
1913 2224 2011 2247 com-

165 2281 382 2324 promittimus
411 2277 515 2311 libere
544 2281 574 2310 et
604 2288 779 2323 expresse.
809 2278 963 2311 volentes
992 2282 1023 2311 et
1052 2279 1283 2323 promittentes
1314 2279 1457 2319 since1·e‚
1487 2278 1596 2309 omnia
1626 2279 1656 2308 et
1686 2276 1827 2320 singula,
1857 2286 1920 2320 que
1948 2286 2009 2321 per

165 2339 332 2385 predictos
363 2337 517 2371 Arbitros
548 2349 607 2371 seu
638 2338 827 2372 amicabiles
858 2337 1128 2384 Comportatores
1158 2348 1260 2383 super
1288 2339 1395 2370 omnia
1421 2340 1452 2370 et
1471 2336 1599 2380 singula
1621 2339 1782 2381 premissa
1804 2334 2006 2378 arbitratum,

166 2400 371 2433 Ordinatum.
402 2402 650 2444 pronunciatum
687 2403 717 2432 et
747 2399 917 2432 diffinitum
949 2398 1058 2441 suerit,
1096 2398 1181 2432 Rata
1211 2402 1242 2431 et
1270 2401 1365 2442 grata
1395 2396 1518 2430 habere
1552 2400 1583 2430 et
1612 2407 1650 2429 ea
1680 2395 1914 2430 inuiolabiliter
1941 2395 2008 2429 ob-

165 2471 304 2494 seruare
334 2458 402 2492 Sub
432 2470 516 2505 pena
546 2464 641 2505 prout
670 2462 700 2493 in
732 2459 871 2505 publicis
900 2463 932 2493 et
961 2459 1033 2493 aliis
1063 2461 1288 2493 instrumentis
1317 2468 1418 2504 super
1445 2457 1508 2491 hoc
1537 2456 1752 2490 conficiendis
1781 2457 1910 2502 plenius
1939 2468 2007 2502 ap-

165 2520 302 2567 parebit.
344 2520 465 2553 Harum
496 2525 680 2554 nostrarum
711 2520 900 2564 Sigillorum
931 2525 1118 2554 nostrorum
1159 2521 1336 2552 munimine
1365 2518 1576 2563 signatarum
1607 2519 1796 2552 testimonio
1826 2517 2006 2552 literarum.
