2206 2735
1043 43 1092 76 ⁴&

139 160 303 191 ecclesias
334 170 362 191 m
394 159 518 190 eisdem
557 157 748 191 diocesibns
785 161 833 191 sie
864 157 993 190 dill'nsis
1023 167 1053 189 ιιι
1076 157 1292 192 Cuthedndes
1321 162 1467 204 erigere,
1498 161 1639 206 illasque
1672 165 1702 194 et
1723 160 1885 206 prefatam
1906 159 1990 193 Olo-

140 231 269 253 nmcen.
308 219 485 252 ecelesiam
524 219 611 252 dicte
641 219 782 263 l‘ragen.
813 219 959 252 ecclesie
994 219 1236 263 metropolitico
1275 223 1345 253 iure
1384 221 1537 255 subicere
1575 223 1776 255 auctoritate
1813 220 1996 266 apostolica

139 281 361 319 dignarenmr.
395 279 463 313 Nos
493 280 677 314 huiusmodi
707 280 949 326 supplicatione
979 279 1089 312 audita
1119 280 1273 314 volentes
1303 284 1333 314 ιιι
1359 285 1533 326 premissis
1563 287 1596 316 et
1622 285 1824 327 gravitatem
1856 285 1888 314 et
1916 291 1994 314 mo-

139 342 277 374 destiam
308 340 450 374 debitam
480 341 678 376 observare.
708 352 747 374 ac
778 340 819 373 de
847 343 958 374 causis
993 340 1176 374 huiusmodi
1209 341 1303 375 nobis
1333 345 1498 388 expositis
1528 343 1804 377 certitudinaliter
1825 341 1995 375 inl'ormari

142 401 321 434 xvnerabili
360 401 449 435 l'ratri
488 406 603 435 nostro
643 401 827 434 ltertrando
857 401 1002 435 Ustica..
1040 405 1071 433 et
1111 401 1196 434 bone
1226 406 1387 435 memorie
1418 402 1587 436 bernardo
1618 403 1786 437 l’ortuen..
1819 402 1995 448 Episcopis

140 468 214 494 tnnc
246 462 326 495 tituli
356 465 461 496 saneti
492 463 623 508 t'yriaci
662 465 691 495 ιιι
731 461 861 495 'l'ernns
902 460 1101 505 presbitero.
1146 474 1184 495 ac
1222 463 1401 496 recolende
1439 466 1599 497 memorie
1638 464 1836 509 Raymundo
1876 466 1995 495 sancte

142 522 243 555 ‚tinne
273 533 361 555 nove
391 523 532 556 diacono
562 522 791 556 t'ardinalibus
823 523 1050 554 commisimus
1080 523 1215 555 oraculo
1250 526 1328 556 vive
1360 527 1455 557 vocis
1485 528 1518 557 ut
1545 524 1586 556 de
1617 526 1790 570 premissis
1821 525 1934 557 causis
1965 527 1997 555 et

139 593 251 615 earum
281 587 541 617 circumstantiis
580 587 609 616 in
650 582 769 616 talibus
808 581 1018 615 attendendis
1049 593 1087 614 se
1115 582 1303 627 diligentius
1333 584 1560 620 informarent.
1596 589 1627 618 et
1656 596 1866 630 quecumque
1897 594 1997 628 super

140 644 200 676 hus
231 647 417 677 invenirent
449 644 544 677 nobis
575 644 714 677 lidelitor
743 643 873 676 referre
901 647 1069 675 curarent.
1100 642 1141 676 Et
1170 646 1244 688 quia
1274 655 1333 689 per
1361 646 1554 680 relationem
1584 644 1741 691 Episcopi
1767 645 1935 679 Ostiensis
1965 648 1995 677 et

139 704 359 737 t'ardinaliiun
391 705 624 750 predictorum.
664 707 716 748 qui
756 707 848 736 iuxta
887 705 1157 736 commissionem
1187 709 1334 738 nostram
1366 705 1547 739 huiusmodi
1579 709 1629 739 eis
1661 705 1794 743 l'actam„
1829 704 1996 738 inl'orma-

141 770 259 797 tionem
289 776 389 810 snper
417 767 590 810 premissis
621 769 817 810 receperant
849 764 988 797 lidehter
1017 763 1112 797 nobis
1141 764 1275 806 l'actam„
1305 768 1527 811 comperimus
1557 778 1680 799 causas
1710 765 1895 800 huiusmodi
1927 766 1998 798 l'ore

140 836 239 858 vei-as
278 830 308 858 et
346 825 588 870 quodammodo
627 825 832 862 manifestas,
872 829 905 857 et
941 824 1103 869 postulata
1142 825 1327 858 huiusmodi
1367 826 1446 867 lieri,
1485 837 1549 859 non
1581 828 1686 859 solum
1717 826 1794 859 utile
1825 826 1906 867 l'ore,
1938 825 1995 859 sed

141 897 267 919 sumine
298 888 525 920 necessarium
556 891 586 919 et
617 889 714 919 etiam
745 889 955 931 oportunnm-
986 889 1017 918 et
1047 890 1224 931 propterea
1254 886 1374 919 cultum
1396 898 1522 931 augere
1542 886 1701 921 divinum.
1732 892 1762 920 et
1795 886 1997 932 spiritualem

141 950 320 979 animarum
353 946 548 992 profectum.
579 958 674 992 quein
701 957 744 979 ex
767 946 827 979 hiis
859 945 991 978 indubie
1011 949 1191 991 provenire
1212 946 1442 992 sperabamus,
1463 958 1664 993 promovere
1686 947 1863 981 salubriter
1885 949 1998 979 inten-

141 1009 270 1040 dentes.
309 1007 549 1041 deliberatione
587 1019 687 1053 super
725 1007 786 1040 hiis
817 1018 889 1040 cuin
920 1006 1047 1041 eisdem
1078 1006 1233 1041 fratribus
1262 1010 1386 1041 nostris
1416 1007 1585 1054 prehabita
1621 1008 1784 1053 diligenti,
1823 1010 1997 1054 premissis

140 1073 170 1099 vt
201 1068 365 1101 nonnullis
396 1069 468 1102 aliis
498 1068 748 1102 rationabilibus
778 1071 891 1101 causis
921 1067 1139 1101 suadentibus
1169 1067 1368 1104 Ecclesiam.
1398 1067 1574 1102 Civitatem
1606 1073 1639 1102 et
1668 1069 1827 1102 diocesim
1853 1067 1996 1111 l'ragen.

141 1131 305 1174 pretlietas
336 1129 376 1161 de
407 1132 552 1175 ipsorum
584 1130 720 1163 l'ratruni
750 1130 892 1163 consilio
923 1133 953 1161 et
982 1128 1167 1174 apostolice
1196 1129 1397 1175 plenitudine
1426 1133 1599 1175 potestatis
1631 1132 1825 1163 auctoritate
1855 1133 1997 1174 aposto-

141 1190 199 1222 hea
229 1201 271 1222 ex
302 1194 392 1223 eei-ta
424 1193 561 1223 seientia
601 1190 641 1223 ab
670 1193 759 1223 omni
790 1189 1017 1223 iurisdictione
1047 1193 1211 1234 potestate
1239 1195 1270 1224 et
1300 1189 1506 1224 subiectione
1534 1190 1796 1236 Archicpiscopi
1836 1193 1888 1236 qui
1926 1193 1996 1222 erat

142 1262 198 1295 pro
228 1255 376 1296 tempore
405 1256 435 1283 et
466 1251 659 1284 dilectorum
691 1251 830 1284 liliorum
860 1250 999 1296 Capituli
1030 1249 1214 1295 Magantin.
1246 1262 1288 1284 ex
1319 1255 1396 1284 tunc
1425 1254 1614 1285 eximentes
1645 1255 1776 1298 penitus
1801 1256 1833 1284 et
1854 1251 1999 1284 totaliter

141 1311 329 1344 liberantes.
361 1316 391 1344 et
421 1323 494 1345 eain
524 1312 582 1345 soli
614 1323 752 1346 romane
781 1312 930 1345 ecclesie
960 1311 1000 1344 de
1030 1315 1144 1344 cetero
1173 1311 1350 1345 subiacere
1387 1312 1574 1345 immediate
1612 1317 1644 1345 ct
1673 1317 1834 1358 perpetuo
1866 1311 1999 1344 Decer-

141 1377 258 1405 nentes
297 1376 401 1418 ipsam
441 1372 579 1417 pragen.
621 1373 798 1406 ecclesiam
836 1372 875 1405 ad
913 1372 974 1405 Dei
1012 1371 1142 1405 laudem
1182 1377 1213 1405 et
1249 1373 1409 1416 gloriamq
1449 1373 1686 1406 exaltationem
1722 1372 1886 1405 catholice
1924 1371 1998 1404 lidei

141 1434 289 1465 eiusdem
326 1433 431 1466 cultus
468 1437 681 1478 augmentum
719 1437 749 1467 et
788 1436 971 1466 animarum
1010 1432 1194 1478 profectum
1226 1435 1256 1465 in
1287 1432 1571 1478 metropolitanam
1604 1435 1788 1473 ereximus,
1826 1436 1999 1478 ipsamque

142 1493 320 1526 honoribus
350 1498 380 1526 et
410 1496 563 1538 insigniis
593 1494 683 1527 sedis
714 1494 958 1539 metropolitice
988 1494 1223 1527 decoravimus
1253 1496 1450 1527 auctoritate
1479 1493 1628 1539 predicta
1658 1493 1891 1527 nichilominus
1926 1497 2000 1526 sta-

142 1558 284 1587 tuentes.
315 1554 399 1599 quod
430 1554 470 1587 de
500 1557 571 1600 ipsa
601 1554 743 1599 Pragen.
774 1554 920 1588 ecclesia
951 1565 1009 1599 pro
1039 1553 1290 1600 metropolitana
1329 1557 1360 1587 in
1400 1558 1593 1600 perpetuum
1633 1553 1823 1595 haberetur,
1868 1557 1899 1586 et
1927 1555 1999 1587 eius

145 1615 279 1647 l’raesul
302 1614 589 1661 Archiepiscopus
618 1618 715 1648 etiam
745 1619 954 1649 censeretur.
985 1614 1025 1648 Et
1054 1617 1128 1660 quia
1159 1615 1292 1659 dignum
1322 1618 1394 1648 erat
1421 1626 1464 1648 ex
1493 1625 1557 1659 quo
1581 1614 1668 1648 dicta
1690 1614 1831 1659 Pragen.
1854 1615 1999 1648 ecclesia

142 1676 217 1708 olim
249 1675 312 1709 lilia
343 1680 418 1709 tunc
448 1680 552 1709 mater
581 1675 700 1709 effecta
730 1675 973 1721 metropolitice
1003 1675 1172 1719 dignitatis
1201 1680 1394 1721 susceperat
1423 1678 1565 1720 insignia
1595 1675 1826 1719 suffraganeos
1855 1679 1888 1709 et
1916 1685 2001 1720 pro-

142 1739 285 1769 vinciam
324 1736 497 1770 decentem
536 1736 685 1771 haberet.
726 1741 757 1769 ut
794 1736 833 1769 ad
863 1735 1027 1770 Judieium
1059 1736 1315 1782 Archiepiscopi
1344 1736 1501 1781 magen„
1540 1739 1593 1782 qui
1630 1735 1716 1769 foret
1750 1747 1809 1782 pro
1839 1740 2001 1782 tempore,

141 1807 258 1830 omnes
287 1808 388 1830 cause
410 1797 704 1841 Sull'raganeorum
726 1796 968 1843 Episcoporum
990 1801 1021 1830 et
1043 1808 1261 1843 personarum
1281 1796 1593 1831 Ecclesiasticarum
1614 1797 1790 1831 Civitatum
1821 1801 1854 1830 et
1873 1797 1999 1831 dioces.

142 1857 288 1890 eiusdem
319 1860 492 1903 provincie
522 1858 728 1891 referrentur
764 1861 855 1891 iuxta
891 1868 1061 1891 sacrorum
1092 1859 1262 1892 Canonum
1300 1861 1447 1892 instituta
1478 1857 1596 1892 Villam
1626 1857 1891 1891 Luchomusleno
1922 1861 1999 1891 tunc

142 1919 180 1949 de
213 1918 354 1963 l'ragen.
385 1918 468 1952 dioc.
499 1921 696 1952 existentem
728 1919 834 1952 locum
866 1921 976 1964 utique
1005 1918 1147 1952 nobilem
1177 1923 1209 1952 et
1237 1921 1400 1963 insignem
1435 1918 1473 1952 ad
1504 1918 1633 1952 laudem
1664 1918 1766 1952 divini
1796 1920 1938 1951 nominis
1967 1921 1999 1950 et

142 1978 313 2021 honorem,
344 1990 405 2013 nec
436 1990 500 2012 non
531 1990 589 2024 pro
618 1982 840 2021 incremento,
870 1978 1035 2024 profectu,
1071 1983 1103 2012 et
1131 1980 1333 2013 exaltatione
1362 1978 1518 2024 predictis
1547 1981 1577 2012 in
1609 1978 1783 2012 Civitatem
1816 1980 1998 2023 ereximus7

141 2041 310 2084 ipsamque
331 2039 480 2073 Civitatis
510 2038 675 2073 vocabulo
704 2041 936 2083 insignivimus
962 2044 993 2073 et
1013 2040 1244 2074 nichilominus
1273 2040 1449 2073 ecclesiam
1470 2039 1665 2074 Monasterii
1694 2038 1878 2073 huiusmodi
1908 2048 1997 2071 nove

142 2100 288 2132 Civitatis
320 2099 599 2133 Premonstraten.
630 2100 754 2133 ordinis
785 2103 816 2133 in
838 2099 1068 2133 Cathedralem
1085 2104 1184 2134 etiam
1205 2103 1385 2145 erigentes.
1416 2111 1489 2133 eam
1510 2101 1722 2134 decrevimus
1744 2099 1815 2132 sore
1837 2103 1997 2144 perpetuo

142 2162 244 2204 ipsius
273 2171 361 2193 nove
382 2161 531 2194 Civitatis
554 2159 741 2194 Ecclesiam
766 2159 1011 2205 Cathedralem„
1042 2163 1095 2194 cui
1117 2165 1239 2194 certam
1260 2164 1386 2206 partem
1408 2161 1448 2194 de
1469 2160 1564 2194 dictis
1584 2159 1726 2204 Pragen.
1745 2164 1777 2192 et
1798 2158 1996 2192 Olomucen.

141 2219 225 2252 dioc.
256 2220 462 2254 adiacentem
493 2220 600 2254 eidem
630 2224 662 2254 et
691 2223 792 2254 certis
821 2220 939 2255 sinibus
969 2220 1235 2265 distinguendam
1264 2220 1516 2255 intendebamus
1544 2220 1657 2254 facere
1686 2221 1850 2264 resignari
1881 2223 1912 2252 et
1932 2223 1997 2252 tam

141 2280 337 2314 Olomucen.
368 2285 398 2314 et
426 2280 682 2315 Luchomuslen.
714 2282 878 2315 ecclesias
907 2287 939 2315 et
967 2285 1112 2328 ipsarum
1143 2280 1302 2315 Civitates
1339 2291 1401 2314 nec
1438 2292 1503 2315 non
1532 2279 1693 2326 prefatam
1723 2279 1830 2313 eidem
1860 2278 1997 2313 Lucho-

141 2341 278 2375 muslen.
308 2340 462 2375 Ecclesie
492 2341 728 2387 assignandam
759 2342 844 2376 dioc.
876 2347 1000 2376 extunc
1029 2345 1133 2388 ipsius
1168 2341 1311 2386 Pragen.
1333 2341 1487 2375 Ecclesie
1516 2340 1756 2385 suffraganeas,
1787 2345 1818 2374 et
1847 2339 1887 2373 de
1912 2350 1996 2385 pro-

142 2404 250 2434 vincia
273 2401 416 2447 Pragen.
446 2406 478 2436 in
508 2407 701 2449 perpetuum
732 2402 803 2437 fore
832 2404 1042 2437 decrevimus
1077 2406 1109 2436 et
1146 2405 1215 2436 iure
1254 2401 1494 2448 metropolitico
1531 2400 1732 2435 subiecimus
1769 2405 1801 2434 et
1829 2399 1995 2434 subiectas

140 2460 212 2495 fore
243 2464 393 2496 volumus
422 2463 688 2509 Archiepiscopo
720 2462 878 2508 Pragen„
908 2467 963 2510 qui
992 2467 1080 2497 esset
1108 2473 1168 2508 pro
1198 2467 1358 2508 tempore,
1396 2472 1459 2495 nec
1497 2472 1562 2495 non
1590 2460 1845 2495 Luchomuslen.
1876 2460 1996 2494 eccle-

140 2526 220 2557 siam
251 2528 281 2556 et
311 2524 483 2557 Civitatem
515 2524 680 2570 predictas
711 2535 750 2557 ac
781 2523 866 2558 dioc.
897 2528 927 2558 ei
958 2529 989 2557 ut
1020 2526 1215 2570 premittitur
1236 2522 1470 2568 assignandam
1491 2521 1531 2555 ab
1553 2520 1737 2555 Ordinariis
1758 2522 1833 2555 olim
1851 2520 1994 2566 Pragen.
