2206 2735
1103 80 1175 115 247

1092 235 1197 271 308.

215 324 364 367 ιΙοΙιαιιη,
395 323 582 368 Marltqraf
603 333 666 355 von
697 322 853 366 Maleren,
883 321 1069 366 bestatzyet
1098 323 1171 356 dem
1201 323 1257 356 lsi.
1288 322 1342 356 St.
1372 322 1570 356 Kathare‘na
1599 325 1631 356 in
1664 323 1795 357 Olmiitz-
1836 324 1890 357 die
1924 323 2065 358 Schen-

587 382 675 429 lcemg]
704 384 762 417 des
793 384 918 426 Dorfes
946 383 1134 427 Ιίοὲ-ῐὲαηῃ.
1179 383 1240 417 Dt.
1270 383 1388 416 Bruma
1417 383 1451 416 6.
1481 383 1555 416 ,Ιαῖί
1583 383 1693 417 1355.

370 460 459 514 Nos
487 479 660 514 Joliannes
697 479 750 513 dei
779 481 894 524 gracia
923 477 1072 512 Mai-cino
1103 478 1265 513 Morauie.
1321 478 1391 513 Etsi
1427 483 1541 513 nostre
1578 479 1785 513 celsitudinis
1822 482 2063 525 circumspecta

217 540 406 585 benignitas
443 543 624 575 Vniuersos
660 540 775 574 fideles
810 550 902 581 suOS‚
945 549 1029 585 quos
1072 538 1258 573 Romanum
1302 539 1400 573 ambit
1429 539 1605 585 Imperium
1647 545 1679 573 et
1713 543 1824 574 innata
1860 540 2064 574 liberalitatis

216 601 400 634 clemencia
430 604 640 647 prosequitur
667 611 847 645 generose,
878 599 954 633 Illos
985 604 1094 633 tamen
1125 599 1273 634 vberiori
1304 600 1418 634 fanore
1438 601 1699 647 complectimur.
1730 603 1782 646 qui
1813 604 1932 646 spretis
1955 602 2065 634 mundi

215 659 418 696 vanitatibus
458 661 518 695 sub
557 661 778 696 obseruancia
807 661 953 705 regulari
983 665 1014 694 et
1044 660 1152 694 debite
1183 661 1354 705 religionis
1384 661 1509 695 honore
1539 665 1685 695 nituntur
1714 662 1873 695 altissimo
1902 662 2063 696 famulari.

215 721 306 756 Sane
348 722 390 755 ad
431 727 545 756 nostre
586 722 790 756 celsitudinis
833 721 1035 755 aecedentes
1078 724 1285 766 presenciam
1315 720 1525 755 Venerabilis
1562 724 1592 755 in
1631 721 1756 755 christo
1792 727 1886 766 pater
1914 723 2064 757 dominns

215 787 328 828 petrus
358 783 399 816 de
428 783 546 829 Bylina
577 782 814 827 Ladingrensis
843 781 1031 827 Episcopus
1060 785 1093 814 et
1120 781 1348 815 W⁷eneeslaus
1379 782 1419 815 de
1448 782 1522 828 Tyn
1553 781 1744 816 Canonicus
1772 782 2066 818 wratislauiensis

216 848 247 876 et
277 843 393 877 Sancti
423 843 561 888 Georgii
590 846 623 877 in
652 847 762 877 castro
791 842 956 887 Pragensi
984 842 1213 876 Ecclesiarum
1235 841 1461 887 plebanusque
1489 845 1521 876 in
1550 841 1686 888 Milicyn
1716 842 1824 876 deuoti
1845 847 1878 876 et
1898 843 2064 888 speciales

216 903 386 948 Capeliani
424 907 525 937 nostri
563 903 692 941 dilecti,
736 903 831 937 nohis
874 914 933 948 pro
976 907 1070 948 parte
1099 902 1343 946 Religiosarnm
1374 913 1590 948 personarum
1620 914 1771 937 sororum
1802 903 1887 949 apud
1916 908 2064 937 sanctam

216 964 430 998 Katherinam
468 967 501 997 in
541 963 700 998 Olomucz
740 964 872 997 Ordinis
908 964 1044 997 fratrum
1076 963 1319 1009 predicatorum
1348 963 1541 996 deuotarum
1570 968 1759 997 nostrarum
1790 963 1954 997 humiliter
1982 976 2065 1010 snp-

217 1026 391 1071 plicarunt‚
423 1024 596 1065 Quatenus
627 1027 708 1071 ipsis
738 1029 769 1058 et
799 1036 913 1058 earum
943 1023 1147 1058 Monasterio
1178 1024 1301 1058 literas·
1321 1024 1502 1057 recolende
1531 1026 1689 1057 memorie
1719 1024 1850 1057 Domini
1870 1023 2064 1058 lVeneeslai

216 1085 382 1131 qnondam
412 1085 548 1119 Boemie
577 1085 682 1130 Regis
712 1088 764 1119 aui
793 1088 897 1119 nostri
928 1084 1115 1118 charissimi
1155 1084 1247 1118 datas
1276 1089 1307 1117 et
1337 1095 1519 1117 concessas
1548 1095 1606 1129 per
1636 1084 1961 1130 Serenissimumque
1992 1086 2066 1118 Do-

216 1148 336 1179 minum
367 1146 527 1180 Karolum
556 1151 707 1191 quartum
730 1146 839 1179 diuina
861 1145 995 1179 fauente
1016 1145 1198 1179 clemencia
1219 1145 1444 1179 Romanorum
1465 1144 1701 1190 Imperatorem
1723 1156 1854 1190 semper
1874 1146 2064 1190 Augustum

217 1211 247 1239 et
284 1206 420 1241 Boemie
456 1207 584 1251 Regem
622 1218 680 1252 pro
719 1211 796 1240 tunc
832 1206 1058 1240 Marchionem
1096 1205 1246 1239 Mei-anie
1276 1205 1441 1239 dominum
1472 1209 1618 1239 nostrum
1648 1208 1839 1250 graciosum
1869 1211 1899 1240 et
1928 1207 2063 1240 fratrem

216 1267 446 1301 charissimum
464 1267 613 1301 fanorius
643 1267 870 1309 confirmatas,
901 1267 942 1300 de
961 1266 1165 1312 benignitate
1186 1272 1299 1300 nostra
1320 1267 1415 1299 solita
1436 1266 1649 1310 dignaremur
1679 1266 1888 1301 confirmare.
1919 1267 2064 1308 Quarum

217 1328 348 1373 quidem
387 1328 555 1361 literarum
595 1333 692 1362 tenor
726 1340 786 1374 per
823 1331 930 1361 omnia
966 1328 1039 1361 talis
1075 1331 1140 1361 est:
1189 1327 1280 1372 (vid.
1312 1326 1392 1360 Cod.
1423 1326 1497 1372 dipl.
1530 1326 1569 1359 V.
1600 1338 1630 1371 p.
1662 1327 1720 1360 59.
1750 1326 1808 1360 ΝΡ.
1840 1327 1906 1370 61)
1938 1355 1944 1361 .
1978 1356 1984 1362 .
2016 1355 2023 1362 .
2056 1356 2062 1362 .

216 1387 286 1422 Nos
315 1389 527 1423 attendentes
557 1389 643 1434 quod
673 1389 767 1423 decet
787 1391 971 1435 principum
992 1388 1206 1422 clemenciam
1229 1399 1363 1422 suorum
1386 1388 1661 1433 predecessorum
1692 1391 1846 1432 vestigiis
1875 1394 1907 1422 et
1936 1389 2064 1423 actibus

215 1451 373 1483 virtuosis
420 1449 576 1483 inherere
623 1454 655 1483 et
697 1449 940 1494 Religiosarum
979 1460 1198 1495 personarum
1237 1448 1539 1495 supplicacionibns
1575 1452 1628 1494 pie
1665 1449 1896 1483 exaiidicismis
1927 1451 2063 1493 januam

216 1512 347 1554 aperire
375 1509 515 1556 predicti
545 1510 668 1544 domini
698 1510 890 1544 Wenceslai
924 1510 1031 1555 Regis
1060 1510 1185 1543 litteras
1228 1514 1324 1556 prout
1366 1509 1405 1542 de
1447 1508 1552 1542 uerbo
1595 1509 1636 1542 ad
1677 1509 1812 1543 uerbum
1856 1510 2065 1555 presentibus

216 1574 290 1603 sunt
318 1573 444 1603 inserte
474 1574 505 1603 et
543 1581 604 1616 per
631 1570 886 1604 Inuictissimum
924 1569 1100 1604 Dominum
1136 1569 1293 1603 Karolum
1335 1569 1573 1616 Imperatorem
1612 1570 1797 1604 Romanum
1838 1573 1929 1615 prius
1971 1582 2065 1605 suum

217 1641 412 1674 germanum
449 1630 588 1664 fratrem
630 1630 812 1676 approbate
854 1634 885 1664 et
927 1630 1132 1673 confirmata
1177 1630 1378 1664 ratificamus
1408 1634 1439 1663 et
1467 1629 1688 1677 approbamus
1719 1641 1758 1664 ae
1786 1633 1876 1676 ipsas
1905 1630 1946 1664 de
1975 1636 2064 1666 certa

217 1695 330 1724 nostra
360 1693 508 1725 sciencia
537 1694 685 1737 presenti
713 1694 898 1737 patrocinio
927 1690 1172 1733 confirmamus‚
1202 1689 1399 1724 mandantes
1428 1690 1631 1737 Capitaneis‚
1662 1690 1873 1734 camerariis,
1905 1692 2065 1735 Sudartts,

218 1750 430 1785 Beneficiatis
460 1755 648 1797 ceterisque
678 1754 802 1786 nostris
831 1750 1028 1785 officialibus
1067 1762 1126 1796 per
1164 1750 1348 1785 Morauiam
1378 1755 1408 1784 et
1436 1751 1625 1796 specialiter
1654 1751 1836 1793 aduocatis,
1874 1752 2064 1786 consulibus

219 1816 252 1845 et
280 1814 394 1846 iuratis
430 1823 470 1845 ac
507 1812 742 1846 Communitati
781 1811 930 1846 Ciuitatis
967 1816 1083 1846 nostre
1113 1811 1358 1855 Olomucensis‚
1400 1814 1454 1857 qui
1482 1822 1570 1845 nunc
1598 1817 1673 1846 sunt
1701 1817 1733 1846 et
1760 1817 1857 1846 erunt
1884 1824 1943 1858 pro
1973 1818 2064 1846 tem-

217 1883 311 1918 pore,
358 1883 400 1906 ne
447 1875 537 1918 ipsas
583 1872 751 1918 predictas
797 1883 933 1907 sorores
975 1872 1017 1906 ad
1058 1877 1208 1906 sanctam
1250 1872 1465 1906 Katherinam
1506 1876 1539 1906 in
1577 1871 1739 1907 Olomucz
1767 1876 1798 1907 in
1828 1874 1915 1907 dicte
1944 1873 2065 1907 domini

218 1933 417 1967 W’enceslai
446 1932 551 1978 Regis
579 1933 717 1967 Boemie
746 1938 778 1967 et
805 1938 918 1968 nostre
946 1933 1214 1967 confirmacionis
1242 1935 1357 1977 gracia
1386 1943 1450 1966 non
1480 1932 1659 1978 impediant
1688 1933 1872 1979 aliqualiter
1900 1934 1955 1967 vel
1983 1945 2066 1980 per-

218 1993 360 2036 turbenh
403 2004 520 2027 verum
559 2005 617 2028 eas
645 1997 677 2028 in
708 2005 746 2027 ea
775 2005 835 2040 per
863 1996 971 2028 onmia
1001 1998 1249 2037 manuteneant,
1291 1998 1467 2039 protegant
1509 1993 1734 2028 fauorabiliter
1775 1999 1807 2028 et
1849 1999 2064 2028 conseruent.

219 2053 426 2088 Contrarium
456 2054 620 2088 facientes
647 2054 918 2099 indignacionem
938 2058 1084 2088 nostram
1106 2065 1244 2098 grauem
1266 2065 1304 2088 se
1322 2057 1478 2088 nouerint
1496 2057 1702 2089 incursuros.
1730 2054 1855 2088 Harum
1878 2059 2064 2090 nostrarum

218 2117 408 2149 testimonio
451 2115 629 2158 literaruim
674 2114 792 2160 quibus
833 2119 982 2149 nostrum
1023 2114 1175 2159 Sigillum
1217 2119 1392 2160 presentes
1436 2114 1588 2149 duximus
1625 2115 1888 2161 appendendum.
1944 2115 2065 2150 Datum

219 2175 331 2209 Brune
359 2179 391 2209 in
420 2180 539 2209 octaua
570 2175 742 2208 beatorum
774 2175 861 2208 Petri
891 2179 923 2208 et
953 2174 1045 2209 Pauli
1074 2172 1324 2221 Apostolorum.
1354 2175 1455 2209 Anno
1475 2175 1595 2209 domini
1616 2173 1790 2210 Millesimo
1811 2175 2064 2211 Trecentesimo

219 2238 493 2282 quinquagesimo
522 2239 648 2282 quinto,

529 2320 603 2361 (Aus
628 2323 708 2349 einer
731 2323 895 2349 vidimirten
919 2323 1007 2357 Copie
1032 2323 1070 2349 im
1094 2322 1221 2349 Archive
1246 2322 1399 2350 desselben
1422 2323 1554 2350 Klosters
1578 2321 1636 2351 Lit.
1662 2324 1696 2349 A.
1725 2325 1749 2349 1.
1777 2323 1820 2357 9.)
