2206 2735
1083 51 1150 83 117

193 163 310 195 litteris
338 164 460 195 mentio
489 161 652 206 specialis.
682 159 767 193 Nulli
796 171 879 205 ergo
907 165 971 194 etc.
1001 166 1114 195 nostre
1143 164 1395 205 reservationis,
1426 163 1625 198 inhibitionis
1655 169 1687 198 ct
1707 167 1949 199 constitutionis
1979 169 2031 200 in-

194 221 344 267 fringere
372 226 436 256 etc.
466 221 583 255 Datum
614 222 784 254 Avinione
812 219 869 254 ΙΙΙ.
900 220 1013 255 Nonas
1043 222 1167 267 Aprilis
1196 223 1298 256 Anno
1327 222 1476 257 Decimo.

502 298 578 333 (Aus
603 298 658 324 den
683 298 763 332 Orig.
792 299 862 333 Reg.
893 298 1026 325 Clemens
1054 299 1114 335 vl„
1147 301 1179 325 B.
1203 300 1247 327 111.
1279 300 1333 327 Th.
1358 299 1389 331 I.‚
1421 301 1504 334 epist.
1534 301 1599 332 170,
1629 311 1694 336 pag.
1721 304 1777 337 ⁴363
1814 304 1957 330 vidimirte
1981 304 2034 330 Ab·

605 350 705 376 schrift
729 351 764 376 im
791 360 826 377 m.
851 348 1109 389 Landesarchive.)

1071 489 1172 523 155.

956 574 1011 608 13.
1042 575 1148 619 April
1176 575 1285 609 1352.

353 650 481 711 :xima³
513 669 685 703 Gcmahlin
712 668 751 702 K.
781 668 860 702 Karl
888 668 958 707 Ν..
989 669 1111 703 fundirt
1138 669 1190 703 bei
1219 670 1292 704 dem
1324 670 1502 704 Grabmale
1539 671 1599 704 des
1632 672 1875 716 crstgebornen
1906 673 2038 707 Sohnes

199 729 320 771 Karl's„
350 729 507 773 Wenzel,
538 730 590 764 ein
621 733 752 774 ewiges
781 728 884 763 Licht.
915 729 968 763 Dt.
999 729 1107 775 Prage
1135 729 1246 764 Idibus
1274 731 1399 777 Aprilis
1430 732 1538 767 1352.

507 807 620 843 (Dobn.
646 808 722 835 Mon.
748 807 791 835 ΙΙΙ.
823 806 907 845 342.)

1072 938 1090 972 1
1100 938 1174 973 56.

200 1023 308 1067 Papst
337 1023 490 1057 Clemens
526 1022 578 1057 VI.
618 1023 815 1068 beauftrayt
852 1024 915 1057 den
952 1023 1167 1068 Erzbz'scleof
1194 1036 1257 1057 con
1287 1024 1401 1058 Maius
1437 1026 1503 1058 und
1538 1026 1591 1058 dic
1621 1026 1782 1069 Bz'sclcofe
1815 1038 1879 1060 con
1910 1027 2042 1060 Obmeztz-

200 1084 269 1117 und
296 1082 505 1127 Naumhury,
543 1084 615 1116 (lem
643 1083 794 1127 Biscleof
819 1083 1031 1117 Theodoriclt
1063 1096 1127 1117 von
1157 1085 1357 1130 Seleleswiy,
1387 1086 1442 1119 bec·
1468 1086 1785 1130 Bese'lzergyrez’femy
1812 1089 1924 1120 semes
1954 1087 2041 1120 Bis-

201 1145 329 1178 tkumes
361 1143 529 1188 belee'lslz'clt
564 1156 604 1177 zu
640 1146 711 1177 scite
747 1145 812 1177 mal
845 1144 907 1177 (Ias
940 1144 1128 1178 ‹lenes-elbam
1171 1146 1243 1179 siclt
1280 1147 1546 1180 wirlcrsetzemle
1583 1147 1718 1191 Capitel
1752 1159 1815 1180 vim
1852 1147 2042 1191 Schleswz'y

521 1216 592 1237 zum
624 1204 812 1238 Geleorsam
840 1216 881 1238 zu
910 1206 1071 1249 zzvinyen.
1112 1206 1171 1239 Dt.
1202 1206 1358 1250 Αεὶφιοη
1391 1206 1447 1239 13.
1479 1207 1582 1250 April
1612 1206 1720 1240 1352.

355 1279 533 1334 Clemens
562 1299 751 1346 Episcopus
781 1300 910 1334 Servus
941 1299 1123 1333 Servorum
1153 1300 1215 1334 Dei
1244 1300 1438 1335 Venerabili
1472 1302 1564 1335 fratri
1595 1329 1601 1335 .
1632 1328 1641 1343 ‚
1670 1301 1937 1348 Arcbiepiscopo
1964 1302 2043 1336 Ma—

200 1361 352 1404 guatino3
381 1364 414 1393 et
442 1360 571 1394 dilectis
599 1360 673 1394 filiis
710 1360 854 1394 Johanni
893 1359 1087 1394 olomucen.
1123 1372 1164 1394 ac
1201 1361 1345 1395 „iohanni
1379 1361 1628 1407 Nuemburgen.
1665 1362 1789 1396 Electis
1827 1363 1973 1397 Salutem
2012 1367 2044 1396 et

201 1420 432 1466 Apostolicam
461 1420 745 1455 Benedictionem.

355 1487 440 1523 Olim
468 1500 528 1535 pro
557 1494 651 1535 parte
677 1490 883 1524 venerabilis
910 1490 1022 1523 fratris
1051 1494 1156 1523 nostri
1194 1490 1391 1525 Theudorici
1428 1491 1587 1538 Episcopi
1625 1492 1807 1526 Slewicen.
1843 1491 1940 1526 nobis
1977 1503 2044 1526 ex-

200 1552 320 1595 posito,
350 1550 435 1595 quod
463 1550 541 1584 licet
568 1562 629 1585 nos
658 1551 778 1585 dudum
806 1562 879 1584 eum
899 1550 1080 1584 Slewicen.
1112 1550 1256 1585 ecclesie
1285 1556 1361 1585 tunc
1377 1555 1512 1585 vacanti
1532 1552 1770 1597 prefecerimus
1789 1554 1821 1586 in
1840 1551 2044 1598 Episcopum

199 1614 234 1643 et
262 1609 446 1653 Pastorem„
476 1622 586 1645 curam
617 1615 650 1645 et
677 1611 991 1645 administrationem
1022 1614 1127 1656 ipsius
1155 1615 1304 1653 ecclesie
1333 1611 1395 1646 sibi
1422 1615 1454 1646 in
1483 1612 1706 1658 spiritualibus
1741 1617 1774 1646 et
1808 1611 2044 1659 temporalibus

201 1669 348 1715 plenarie
375 1671 619 1706 committendo.
649 1671 691 1706 Et
719 1672 838 1706 deinde
866 1674 940 1717 quia
968 1671 1126 1706 Nicolaus
1155 1672 1244 1706 Brun
1279 1672 1319 1706 de
1347 1672 1445 1706 Datia
1483 1673 1630 1706 eiusdem
1667 1672 1812 1706 ecclesie
1841 1672 2041 1715 Canonicus‚

201 1734 235 1764 et
266 1733 299 1764 in
333 1732 448 1765 eadem
486 1733 630 1767 ecclesia
669 1744 728 1779 per
757 1761 763 1767 .
796 1760 803 1767 .
835 1735 1032 1778 prepositum
1064 1760 1070 1766 .
1101 1760 1109 1766 .
1141 1732 1312 1771 Decanum
1351 1737 1383 1767 et
1418 1732 1602 1779 Capitulum
1638 1733 1784 1767 eiusdem
1821 1734 1968 1767 ecclesie
2001 1733 2043 1766 de

201 1790 289 1824 facto
317 1794 473 1836 intrusus7
503 1793 646 1837 dictique
676 1794 865 1839 Prepositus
895 1793 1051 1826 Decanus
1082 1798 1114 1827 et
1144 1792 1327 1839 Capitulum
1365 1793 1404 1826 ad
1442 1804 1579 1839 quorum
1617 1796 1762 1827 notitiam
1799 1793 1893 1827 litere
1927 1797 2043 1827 nostre

201 1855 266 1885 tam
295 1851 433 1886 Nicolao
461 1864 556 1898 quam
586 1853 735 1900 Capitulo
764 1854 919 1900 predictis
948 1864 1051 1899 super
1079 1853 1263 1887 huiusmodi
1292 1854 1501 1899 prefectione
1537 1854 1661 1887 directe
1697 1858 1938 1900 pervenerant,
1974 1854 2042 1887 iai—-

201 1922 314 1945 corum
344 1913 462 1946 suffulti
491 1917 636 1959 potentia
665 1914 789 1948 eisdem
817 1917 939 1948 nostris
968 1915 1070 1947 literis
1099 1926 1216 1959 parere
1246 1918 1486 1948 contumaciter
1515 1919 1802 1960 contempnentes,
1839 1919 2041 1960 procurato-

201 1983 257 2005 res
295 1976 398 2018 ipsius
436 1973 593 2019 Episcopi
629 1985 688 2020 per
723 1985 795 2008 eum
832 1975 871 2008 ad
908 1974 1155 2020 adipiscendum
1195 1979 1445 2020 possessionem
1484 1975 1776 2010 administrationis
1814 1976 1974 2009 bonorum
2011 1980 2042 2008 et

201 2035 320 2066 iurium
348 2036 452 2082 ipsius
480 2035 625 2068 ecclesie
654 2034 833 2068 destinatos
862 2035 901 2068 ad
931 2038 1181 2080 possessionem
1209 2038 1311 2080 ipsam
1341 2035 1512 2068 admittere
1540 2038 1691 2081 nequiter
1718 2040 1971 2078 recusaverant,
2010 2040 2040 2069 et

201 2093 456 2138 impediverant„
486 2099 517 2127 et
546 2094 779 2140 impediebante
810 2106 849 2128 ac
878 2094 1030 2128 fecerant
1059 2100 1089 2128 ct
1117 2094 1285 2129 faciebant
1313 2099 1487 2140 quominus
1522 2095 1707 2129 huiusmodi
1743 2099 1890 2141 provisio
1926 2099 2039 2129 sortita

202 2152 321 2187 fuisset
348 2158 380 2187 et
409 2157 580 2188 sortiretur
609 2154 758 2188 effectum
788 2160 819 2188 et
857 2158 1028 2201 quominus
1064 2156 1148 2188 idem
1186 2155 1368 2201 Episcopus
1404 2158 1652 2201 possessionem
1690 2156 1870 2201 predictam
1905 2155 2041 2201 adipisci

202 2217 369 2259 potuisset
397 2219 427 2247 et
455 2220 572 2260 posset
599 2215 668 2249 Nos
697 2216 880 2249 venerabili
908 2215 999 2250 fratri
1029 2220 1169 2249 nostro.
1202 2244 1209 2249 .
1239 2216 1405 2261 Episcopo
1436 2216 1617 2261 Spoletano
1646 2227 1684 2249 ac
1712 2215 1768 2249 tibi
1797 2215 1838 2249 tili
1868 2216 2039 2250 Jobannes

202 2273 317 2308 Electe
346 2274 595 2320 Nnemburgen.
625 2287 662 2309 ac
693 2276 810 2309 dilecto
839 2275 902 2309 tilio
925 2304 931 2309 .
955 2304 960 2308 .
992 2276 1240 2309 Archidiacono
1260 2276 1409 2309 Belvien.
1434 2280 1465 2309 in
1491 2276 1634 2310 ecclesia
1657 2276 1798 2320 Pragen.
1830 2288 1888 2322 per
1908 2280 2039 2309 nostras

203 2334 264 2368 sub
298 2346 337 2369 ea
372 2336 477 2368 forma
513 2336 662 2369 dedimus
696 2337 808 2370 literas
844 2340 873 2369 in
909 2337 1068 2370 mandatis
1105 2342 1135 2370 ut
1166 2348 1227 2370 vos
1257 2338 1311 2370 vel
1340 2336 1402 2370 duo
1435 2343 1489 2370 aut
1517 2348 1599 2370 unus
1630 2341 1778 2370 vestrum
1807 2348 1866 2382 per
1894 2348 1955 2369 vos
1985 2336 2039 2369 vel

204 2395 302 2430 alium
331 2407 390 2430 seu
418 2396 501 2430 alios
530 2396 636 2430 eidem
657 2397 868 2431 Tlieodorico
897 2396 1063 2443 Episcopo
1093 2408 1194 2442 super
1212 2396 1275 2430 hiis
1295 2398 1428 2430 olicacis
1449 2397 1655 2430 defensionis
1677 2397 1823 2442 presidio
1844 2400 2039 2431 assistentes

203 2456 375 2491 Nicolaum
403 2460 577 2500 intrusum,
607 2456 826 2503 Prepositum.r
856 2457 1026 2491 Decanum
1056 2462 1088 2490 et
1116 2458 1299 2502 Capitulum
1320 2457 1525 2501 supradictus
1556 2461 1586 2489 ut
1616 2456 1656 2489 ab
1685 2456 1926 2502 impedimentis
1956 2468 2038 2502 pre-

204 2517 299 2552 dictis
328 2516 530 2551 desisterent
557 2521 590 2550 et
618 2522 682 2551 tam
710 2519 845 2560 clerumif
875 2529 969 2562 quam
999 2518 1152 2564 populum
1181 2516 1331 2550 Civitatis
1360 2520 1391 2550 et
1420 2516 1573 2550 Diocesis
1595 2516 1774 2551 Slcwicen.
1805 2527 1843 2549 ac
1874 2517 2037 2550 vassallos
