2206 2735
1130 86 1211 141 *273

245 215 377 238 marcas
408 203 539 250 spoliati
568 202 712 237 fuerunt.
742 223 791 227 —-
820 201 901 236 Item
920 204 1036 246 viginti
1065 206 1096 235 et
1121 212 1205 235 vnus
1224 201 1264 233 de
1284 199 1419 233 Ciuibus
1436 211 1509 233 cum
1528 203 1620 246 equis
1637 203 1756 246 pannis
1773 205 1805 234 et
1826 201 1899 234 aliis
1918 200 2018 235 rebus
2038 205 2107 235 suis

242 266 397 298 arrestati
413 263 548 298 fuerunt
563 266 595 297 in
612 263 769 297 Tirnauia
785 274 845 308 per
861 263 1021 296 Comitem
1039 261 1174 295 Paulum
1190 272 1251 307 pro
1267 260 1385 294 debitis
1402 260 1596 306 quibusdam
1614 261 1699 295 dom.
1714 261 1860 295 Bertoldi
1877 261 1918 295 de
1934 261 2025 308 Lipa‚
2043 274 2108 308 quo

242 328 348 370 primo
366 327 488 359 missus
508 323 568 358 fuit
583 334 671 358 vnus
687 326 839 358 nuncius.
870 323 952 357 Item
977 323 1062 356 alter
1077 324 1219 356 nuncius
1242 324 1274 355 in
1291 320 1409 354 eodem
1427 321 1517 354 l'acto
1538 321 1577 354 ad
1595 321 1680 355 dom.
1705 321 1745 355 de
1762 322 1851 367 Lipa.
1882 321 1963 356 Item
1980 325 2106 356 tercius

243 388 384 419 nuncius
401 384 441 418 ad
459 384 546 418 dom.
563 384 792 418 Mareliionem
812 395 961 430 pragam.
992 383 1073 417 Item
1090 382 1306 416 Bernhardus
1328 384 1449 415 missus
1472 381 1531 415 suit
1556 382 1759 416 Tirnauiam.
1791 382 1872 416 Item
1891 384 2004 417 vltimo
2020 383 2107 417 idem

243 445 454 479 Pernhardus
471 448 502 478 in
520 444 638 478 eodem
655 444 744 479 facto
760 455 836 478 cum
852 444 938 479 dom.
953 443 993 478 de
1004 443 1184 478 Landstein
1200 446 1322 476 missus
1341 442 1398 476 suit
1417 442 1457 476 ad
1470 442 1599 486 Regem
1610 442 1771 486 Vngarie‚
1785 454 1881 489 quem
1893 447 2036 489 quesiuit
2047 455 2108 490 per

242 510 383 552 quatuor
414 504 628 551 Septimanas
663 510 695 538 et
733 506 858 538 inuenit
895 515 968 537 eum
999 503 1039 537 ab
1068 503 1145 537 hinc
1174 503 1261 537 bene
1290 503 1329 536 ad
1359 507 1491 536 centum
1521 501 1673 537 Miliaria.
1708 523 1749 528 —
1783 504 1857 537 Fol.
1890 504 1986 539 wib.
2024 504 2105 538 Item

243 566 362 600 Petrus
399 565 440 599 de
477 565 574 599 domo
603 565 811 599 Theutunica
847 567 951 611 prima
1000 567 1075 598 vice
1117 575 1177 610 pro
1214 563 1310 597 dictis
1346 563 1466 597 debitis
1502 563 1625 597 domini
1659 563 1805 597 Bel-toldi
1848 575 1907 609 per
1945 564 2106 598 Comitem

240 626 379 660 Paulum
408 625 469 660 fuit
498 630 682 659 arrestatus
712 636 787 658 cuni
817 628 910 671 equis
931 627 1049 670 pannis
1078 629 1110 658 et
1139 624 1211 658 aliis
1232 623 1332 658 rebus
1362 627 1443 658 suis.
1475 627 1528 657 cui
1548 635 1608 670 pro
1629 623 1776 670 dampno
1796 624 1916 659 ibidem
1946 631 2106 672 percepto

241 691 274 721 et
308 697 368 732 pro
398 689 540 733 pecnnia
577 697 673 732 quam
704 690 925 719 concesserat
955 685 1143 728 Stubnero,
1182 687 1236 729 qui
1275 687 1305 718 in
1342 685 1519 729 legacione
1553 684 1703 719 Ciuitatis
1741 688 1861 719 missus
1896 686 1935 719 ad
1975 686 2105 731 Regem

239 746 394 792 Vngarie
422 752 459 781 vt
487 750 662 793 optineret,
693 746 778 791 quod
801 746 900 781 Ciues
929 750 1002 780 sine
1022 746 1184 780 Tbelonio
1205 748 1385 780 transirent
1402 745 1585 790 Vngariam
1606 746 1714 780 solute
1734 750 1809 779 sunt
1829 746 1959 780 XXIIII
1980 758 2104 780 marce.

245 828 286 833 -—
329 807 410 842 Item
448 808 534 841 dom.
571 807 724 841 Marchio
763 810 898 841 vocanit
933 807 1032 841 Ciues
1069 807 1108 840 ad
1147 818 1184 840 se
1218 809 1337 840 venire
1374 806 1538 851 Pragam,
1584 809 1637 851 qui
1684 809 1908 852 premiserunt
1951 810 2105 841 nuncium

242 868 388 915 peditem
428 868 466 901 ad
496 867 727 913 inquirendum
766 867 822 901 vbi
851 868 1133 901 cercitudinaliter
1161 866 1392 901 Marcliionem
1422 870 1623 910 inuenit-ent,
1660 869 1712 900 cui
1742 870 1890 912 precium
1920 867 1979 901 suit
2007 867 2104 902 ferto.

244 949 287 954 ——
320 928 404 962 Item
432 927 584 961 'Marchio
613 931 764 974 precepit
784 927 909 961 Juratis
938 928 1024 973 quod
1054 930 1140 961 irent
1168 931 1198 962 111
1221 927 1397 973 Jempnicz
1426 932 1459 961 et
1479 930 1681 961 interessent
1700 927 1830 961 Judicio
1847 931 1932 961 inter
1951 928 2101 962 Judicem

241 993 273 1022 et
307 991 576 1022 communitatem
612 987 731 1022 ibidem
765 999 826 1034 per
863 989 1031 1022 dominum
1069 989 1109 1022 de
1145 988 1324 1022 Landstein
1360 987 1514 1021 habendo
1545 1015 1551 1022 .
1584 1015 1590 1021 .
1623 1015 1630 1022 .
1669 1009 1719 1013 ——
1757 986 1838 1022 Item
1878 988 2027 1022 secundo
2065 989 2104 1022 ad

240 1052 459 1083 uocacionern
490 1049 611 1083 domini
642 1049 682 1082 de
710 1048 894 1083 Landstein
924 1053 1083 1084 miserunt
1112 1050 1185 1083 illuc
1216 1048 1443 1083 Pernbardum
1473 1076 1479 1082 .
1513 1077 1519 1082 .
1561 1069 1603 1073 —-
1637 1049 1718 1083 Item
1748 1052 1779 1082 in
1810 1050 1925 1094 vigilia
1955 1053 2103 1083 omnium

241 1110 443 1144 Sanctorum
464 1109 614 1143 Marchio
643 1113 733 1144 misit
753 1109 924 1143 Clatonem
955 1121 1029 1144 cum
1059 1110 1203 1144 diuersis
1232 1110 1334 1143 literis
1364 1121 1424 1156 pro
1445 1109 1667 1155 expedicione
1687 1121 1809 1144 versus
1831 1110 2026 1144 Trautnaw.
2056 1131 2107 1135 —

452 1170 562 1204 1344.
592 1171 669 1204 Fol.
703 1170 761 1204 11.
818 1169 854 1204 In
885 1170 999 1215 vigilia
1029 1170 1219 1205 Natiuitatis
1252 1171 1387 1205 Christi.
1418 1182 1516 1216 quum
1547 1174 1683 1204 intrauit
1711 1182 1818 1204 annus
1847 1171 2106 1205 Incarnacionis

240 1231 519 1277 quadragesimus
557 1236 712 1277 quartus,
749 1231 900 1265 Marciiio
936 1243 1009 1265 cum
1041 1231 1168 1265 Comite
1196 1231 1373 1265 Hollandie
1402 1231 1570 1264 Brunnam
1606 1233 1750 1265 veniens
1781 1231 1913 1265 Ciuitati
1951 1235 2108 1279 imposuit

238 1303 298 1337 pro
332 1290 479 1325 Collecta
501 1291 688 1326 Trecentas
717 1297 749 1326 et
769 1292 920 1337 Triginta
942 1292 1076 1326 Marcus
1105 1292 1146 1326 Et
1176 1294 1293 1325 iterum
1324 1294 1355 1324 in
1386 1291 1504 1325 eodem
1535 1302 1621 1325 anno
1652 1295 1683 1325 111
1713 1291 1859 1326 aduentu
1889 1293 2105 1327 dominicum

241 1352 340 1386 Patre
378 1363 438 1386 suo
469 1352 566 1397 Rege
595 1351 756 1386 Bohemie
792 1364 864 1386 cum
896 1353 992 1397 Rege
1020 1353 1171 1397 Vngarie
1199 1356 1232 1385 et
1268 1363 1342 1385 cum
1373 1352 1642 1398 Areliiepiscopo
1674 1352 1835 1397 Pragensi
1866 1356 2009 1388 veniens
2038 1357 2106 1387 im-

239 1416 351 1459 posuit
382 1411 517 1446 Ciuitati
546 1412 718 1446 Ducentas
760 1412 914 1447 Marcas.
953 1425 1036 1458 quas
1066 1414 1235 1460 deputauit
1264 1412 1505 1457 Halzenhergio
1542 1418 1572 1446 et
1601 1417 1751 1459 precepit
1789 1413 1849 1447 sibi
1889 1417 1950 1460 ipsi
1980 1418 2105 1460 acquiri

238 1477 271 1507 in
304 1473 466 1520 IVyenna
503 1472 563 1507 sub
600 1473 742 1519 dampno
773 1475 982 1518 Quingentos
1019 1485 1151 1508 aureos.
1186 1495 1226 1498 —
1261 1474 1335 1507 Fol.
1375 1473 1432 1507 18.
1471 1474 1506 1508 In
1537 1477 1697 1520 expensis
1734 1486 1816 1520 quas
1847 1474 1925 1509 fecit
1954 1475 2104 1510 Marchio

237 1537 269 1567 in
300 1534 410 1578 Praga
441 1545 514 1567 eum
545 1533 641 1578 Rege
660 1533 812 1579 Vngarie
833 1536 933 1568 Anno
963 1535 1036 1581 plus
1066 1547 1162 1581 quam
1183 1538 1344 1581 preterito
1374 1536 1482 1568 solute.
1512 1539 1588 1568 sunt
1617 1535 1748 1569 domino
1769 1535 1907 1570 Jesconi
1934 1540 2104 1582 preposito

239 1594 374 1640 Capelle
406 1597 551 1628 omnium
581 1594 780 1628 Sanctorum
812 1594 921 1629 Casti-i
951 1595 1132 1639 Pragensis
1163 1596 1383 1642 Septuaginta
1413 1607 1515 1629 marc.
1548 1617 1596 1621 —
1625 1596 1705 1630 Item
1735 1600 1766 1630 in
1794 1597 1952 1631 Aduentu
1983 1598 2105 1631 domini

240 1658 329 1689 circa
368 1654 487 1689 festum
531 1666 558 1688 s.
598 1654 726 1689 Nicotai
769 1667 843 1689 cum
885 1655 1036 1689 Mal-chio
1079 1667 1152 1690 cum
1196 1656 1294 1701 Rege
1330 1656 1491 1690 Boliemie
1533 1656 1631 1702 Rege
1668 1656 1818 1702 Vngarie
1861 1663 1894 1691 et
1935 1658 2103 1705 Episcopo

240 1715 403 1760 Pragensi
433 1717 547 1757 venit,
583 1715 670 1759 Regi
700 1715 859 1749 Bohemie
888 1716 1150 1762 propinabantur
1183 1716 1281 1750 XXX
1311 1717 1409 1750 modii
1439 1718 1561 1751 Auene
1598 1729 1658 1763 pro
1692 1717 1724 1751 X
1753 1729 1835 1752 mar.
1876 1724 1907 1752 et
1942 1730 2005 1752 vas
2035 1722 2102 1754 vini

244 1776 423 1810 Australici
454 1787 514 1821 pro
543 1775 590 1809 xl
619 1787 699 1810 mar.
731 1781 764 1810 et
792 1781 933 1822 quatuor
963 1789 1043 1811 vasa
1072 1780 1140 1811 vini
1170 1782 1258 1811 terre
1287 1789 1346 1823 pro
1376 1777 1453 1811 VIII
1482 1781 1616 1811 marcis.
1651 1798 1692 1802 —
1724 1778 1806 1812 Item
1836 1779 1922 1824 Regi
1953 1779 2104 1825 Vngarie

238 1838 404 1882 propinati
435 1840 511 1869 sunt
540 1836 603 1869 dno
632 1839 732 1882 panni
770 1837 810 1870 de
840 1837 953 1871 Louen
991 1849 1051 1884 pro
1081 1838 1128 1872 XI
1166 1849 1246 1872 mar.
1288 1859 1328 1862 ——
1369 1838 1442 1871 Fol.
1474 1838 1532 1871 19.
1564 1838 1645 1871 Item
1675 1850 1749 1872 cum
1778 1838 1928 1873 Marchio
1959 1845 2102 1875 recessit

238 1897 317 1930 fecit
347 1895 409 1930 sibi
440 1899 550 1942 excipi
580 1899 611 1930 in
640 1897 789 1931 Wienna
829 1901 1031 1944 quingentos
1069 1899 1213 1932 florenos
1243 1902 1296 1945 qui
1326 1902 1570 1932 constituerunt
1600 1898 1737 1933 Centum
1767 1905 1798 1934 et
1818 1900 1949 1934 XXVII
1970 1913 2102 1936 marcas

238 1957 366 1991 incluso
398 1956 552 2002 dampno.
583 1977 632 1981 -·
661 1957 743 1991 Item
773 1969 848 1992 cum
877 1958 1028 1992 dominus
1058 1959 1247 2006 Episcopus
1275 1960 1335 1993 suit
1370 1963 1401 1993 in
1431 1960 1670 2004 indignacione
1698 1964 1790 2006 regis
1821 1966 1852 1995 et
1881 1963 2004 1996 locauit
2033 1963 2100 1996 lio-

235 2021 342 2051 mines
372 2020 403 2051 in
436 2017 607 2051 Moedricz
636 2021 733 2064 positi
763 2018 896 2053 fuerunt
925 2020 1047 2064 vigiles
1077 2031 1178 2066 super
1206 2025 1315 2054 turres
1337 2020 1497 2057 Ciuitatis.
1528 2032 1667 2066 quorum
1702 2025 1851 2067 precium
1874 2022 2007 2056 suerunt
2037 2023 2100 2057 due

235 2089 358 2112 marce.
402 2099 443 2102 —
486 2079 558 2112 Fol.
598 2078 645 2112 19
666 2078 696 2113 b.
732 2079 813 2113 Item
843 2079 972 2114 Jacobo
1002 2081 1193 2114 Smelczlini
1230 2092 1290 2127 pro
1326 2092 1411 2127 equo
1449 2093 1545 2127 quem
1577 2092 1664 2116 anno
1694 2086 1852 2128 preterito
1882 2090 2099 2118 concesserat

236 2138 420 2172 &Viennam
459 2150 532 2173 cum
572 2138 722 2173 Marcllio
760 2146 941 2174 vocauerat
975 2142 1155 2187 Antiqnum
1192 2142 1430 2176 Smelczlinum
1469 2144 1529 2175 dcc.
1567 2143 1607 2176 ad
1642 2143 1888 2189 procurandum
1928 2156 2099 2190 expensas

237 2202 348 2233 comiti
369 2199 558 2233 Hollandie.
592 2220 634 2223 —
667 2199 747 2233 Item
777 2212 837 2246 pro
859 2201 1104 2236 reformacione
1133 2205 1216 2236 muri
1246 2207 1276 2236 et
1306 2202 1421 2236 fossati
1444 2202 1593 2237 Ciuitatis
1624 2209 1655 2237 et
1676 2204 1831 2237 saccione
1852 2204 2097 2239 Selii-aucarum

235 2271 311 2293 cum
340 2271 403 2294 rex
432 2259 585 2305 Vngarie
615 2260 788 2294 dicebatur
816 2273 889 2295 cum
921 2266 1071 2296 exercitu
1102 2263 1190 2296 velle
1219 2267 1400 2297 mci-auiam
1431 2266 1554 2298 intrare
1583 2264 1658 2298 XII.
1682 2276 1758 2298 mar.
1794 2286 1834 2289 —
1867 2265 1948 2299 Item
1976 2270 2098 2300 nuncio

236 2324 289 2366 qui
319 2332 393 2355 cum
424 2322 529 2355 Ilteris
560 2321 762 2356 Marchionis
792 2325 948 2368 equitanit
971 2324 1196 2357 vratislauiam
1228 2324 1266 2357 ad
1287 2324 1416 2368 Regem
1439 2324 1598 2358 Bohemie
1628 2331 1659 2359 et
1689 2326 1728 2359 ad
1758 2326 1909 2360 dominos
1930 2327 2096 2362 diuersos.

203 2422 208 2427 k
238 2402 280 2405 ——
315 2380 397 2415 Item
428 2381 559 2416 Nuncio
589 2384 642 2427 qui
673 2382 741 2415 tulit
770 2383 884 2416 literas
914 2384 953 2417 ad
984 2384 1112 2429 Regem
1144 2390 1175 2418 et
1195 2384 1423 2419 Mam-liionem
1455 2397 1536 2430 quas
1557 2386 1681 2419 szilo
1711 2386 1750 2420 de
1772 2386 1912 2420 Vetouia
1943 2388 1983 2421 (le
2000 2388 2096 2433 Rege

235 2441 388 2486 Vngarie
420 2447 655 2489 apportauerat
692 2442 737 2476 IlI
765 2444 819 2477 lot
865 2465 904 2468 —
946 2444 1029 2478 Item
1060 2445 1190 2478 Nuncio
1225 2457 1298 2479 cum
1329 2446 1422 2480 litera
1452 2446 1656 2481 Mai-chionis
1687 2450 1717 2481 in
1748 2448 1867 2481 Alliam
1899 2449 2092 2483 ecclesiam.

238 2522 278 2526 —-
313 2503 388 2536 Fol.
423 2503 481 2536 20.
521 2503 602 2537 Item
641 2503 726 2538 dom.
765 2504 805 2537 (lc
832 2504 1005 2539 Lantstein
1042 2511 1116 2552 post
1154 2518 1324 2540 recessum
1360 2507 1566 2542 Mareliionis
1601 2511 1632 2541 in
1664 2508 1835 2542 prusciam
1872 2512 1961 2543 circa
1998 2513 2094 2556 puri-

235 2562 436 2597 ficat-ionem
467 2564 592 2597 Sancte
621 2564 726 2598 Marte
756 2569 936 2600 reueniens
966 2566 1041 2600 fecit
1073 2567 1130 2600 sibi
1166 2568 1234 2601 dari
1272 2580 1288 2601 a
1320 2571 1453 2602 ciuitate
1483 2580 1525 2602 ex
1555 2573 1646 2603 iussu
1678 2569 1879 2603 Mart-hienis
1910 2570 2093 2604 Trecentas
