2206 2735
1040 44 1112 79 2:34

145 172 242 195 manu
273 166 348 207 puta
381 164 411 193 et
443 161 650 204 appensione
686 157 869 202 sigillorum
909 157 1118 191 dominorum
1157 155 1364 190 arbitrorum.
1409 155 1640 190 arbitraturum
1684 168 1743 191 seu
1783 157 2004 192 amicabilium

145 225 402 268 compositorum
434 230 497 252 nec
527 229 592 252 non
623 218 743 251 domini
775 218 862 251 l’etri
893 220 1052 264 prepositi
1083 228 1121 250 ac
1153 216 1334 251 Abbatisse
1363 216 1603 252 etCOinientus
1633 217 1837 263 prelatorum
1859 220 2003 261 munitis,

143 292 308 328 expressa
338 291 381 313 ex
412 283 503 312 certa
534 283 648 313 nostra
678 281 827 312 sciencia
858 277 1115 324 appi-obnuimus
1145 282 1175 311 et
1205 277 1457 312 ratilicanimuS.
1487 277 1711 324 approbamus
1741 282 1774 311 et
1803 277 2004 313 ratificamus

144 354 205 376 uec
236 342 470 374 contrauenirc
500 343 617 385 (pionis
647 339 743 373 modo
775 341 805 372 in
837 343 904 372 toto
948 339 1000 373 vel
1044 341 1074 372 in
1118 342 1210 383 parte
1252 337 1312 371 sub
1350 340 1444 383 penis
1482 341 1513 371 in
1551 338 1709 384 predictis
1748 342 2001 384 compromisso.

146 402 281 436 arbitrio
312 404 383 436 sine
414 401 511 435 laudo
541 403 730 445 expressis,
761 399 847 433 bona
878 398 940 433 lide
969 401 1197 445 promittimus.
1241 398 1364 432 llarmn
1396 401 1584 432 testimonio
1614 399 1782 433 literarum
1813 399 2003 444 Sigillorum

144 462 291 497 eiusdem
322 462 444 496 domini
477 462 563 495 l'etri
593 463 752 506 prepositi
783 464 815 494 et
845 462 949 494 nostri
979 459 1119 505 Capituli
1150 459 1288 505 predicti
1318 461 1523 505 appensione
1553 462 1763 493 munitarum.
1821 459 1941 493 Actum
1971 463 2003 493 et

146 524 256 557 datum
287 523 476 557 Boleslanie
506 526 536 556 in
566 526 681 556 nostro
709 521 862 565 generali
900 519 1065 567 Capitulo.
1122 520 1222 554 Anno
1251 519 1373 553 domini
1404 519 1579 553 lllillesimo
1609 519 1862 554 Trecentesimo
1891 519 2004 561 Quin—

143 576 339 629 quagesimo
369 588 499 630 quarto.

454 653 549 687 (Orig.
576 653 660 686 l'erg.
687 654 703 678 2
730 653 756 680 h.
783 652 842 686 sig.
869 653 904 678 im
930 652 1055 678 Archive
1080 651 1130 677 des
1155 651 1287 677 Klosters
1315 651 1406 677 Mai-iu
1430 650 1498 677 Saul
1524 650 1581 678 Lit.
1607 653 1640 682 Q.
1667 650 1715 677 ΝΥ.
1745 651 1780 675 15³
1807 651 1842 677 iui
1868 651 2003 677 Laudes-

559 705 702 735 archivo.)

1022 849 1130 885 287.

152 932 252 965 l'elen
283 942 344 964 ron
376 930 529 964 Strui-01·
558 928 717 973 eerltausl
747 929 809 963 ‹Ier
837 927 1079 973 itlarqaretlm,
1117 927 1238 961 Nonne
1266 929 1299 961 in
1329 927 1533 971 Nemeisch,
1570 930 1645 961 eine
1680 926 1783 961 Marlf
1819 926 1941 961 Zz'nses
1970 928 2003 961 in

767 989 931 1023 Strui-oc.
963 987 1022 1022 Dt.
1045 988 1237 1022 Neureisclc
1269 987 1379 1022 1354.

303 1049 487 1102 Xouerint
516 1070 666 1102 vninersi
696 1071 875 1113 presentes
906 1067 1021 1101 literas
1051 1069 1246 1113 inspecturi.
1279 1065 1375 1107 Quod
1403 1077 1468 1111 ego
1488 1066 1610 1100 Welen
1641 1066 1749 1101 dietus
1779 1066 1819 1100 de
1848 1065 2007 1101 Sti-azow

146 1142 212 1164 vna
241 1141 314 1164 cum
344 1129 476 1163 domina
506 1122 721 1173 Margaretha
752 1133 857 1162 matre
887 1138 961 1162 mea
991 1132 1024 1161 et
1053 1126 1236 1162 Gerdrudis
1266 1138 1375 1161 vxore
1405 1138 1479 1161 mea
1508 1138 1549 1161 ac
1577 1127 1756 1162 heredibus
1785 1129 1907 1161 nostris
1936 1129 2008 1172 pari

146 1195 224 1224 voto
254 1193 466 1234 vnanimique
496 1200 665 1223 consensu
694 1199 767 1223 cum
801 1191 916 1222 amicis
944 1190 1070 1223 nostris
1099 1192 1226 1222 matura
1257 1187 1507 1223 deliberacione
1536 1187 1707 1234 preliabita
1737 1187 1910 1233 Religiose
1940 1187 2005 1221 do-

146 1251 274 1285 micelle
304 1250 394 1284 Jutte
425 1250 668 1285 sanctimoniali
706 1252 737 1283 in
768 1248 903 1283 Reusch
941 1253 1081 1296 protunc
1110 1248 1273 1293 Magistre
1303 1259 1403 1282 vnam
1432 1259 1577 1282 marcam
1606 1248 1754 1283 redditus
1784 1250 1856 1282 siue
1885 1258 2007 1282 census

145 1311 308 1346 Morauiei
338 1313 530 1357 pagamenti
559 1313 738 1355 sexaginta
767 1314 908 1356 quatuor
936 1320 1075 1354 grossos
1104 1320 1164 1356 pro
1193 1312 1265 1355 ipsa
1296 1309 1519 1355 computando
1549 1309 1760 1343 denariorum
1791 1311 2007 1355 pragensium

147 1376 178 1406 in
207 1373 285 1406 villa
322 1372 478 1406 Strazow
514 1371 664 1418 predicta
698 1374 730 1405 in
766 1370 861 1405 bonis
896 1374 1019 1405 nostris
1062 1374 1095 1404 et
1141 1373 1242 1404 certis
1284 1370 1391 1404 laneis
1421 1381 1495 1403 cuin
1524 1373 1611 1403 omni
1641 1372 1712 1403 iure
1741 1374 1772 1403 et
1802 1369 1947 1403 dominio
1977 1373 2007 1402 et

146 1445 223 1468 cum
263 1433 409 1479 qualibet
452 1432 606 1467 libertate
648 1436 680 1466 in
722 1431 800 1466 villa
850 1436 881 1465 et
927 1435 959 1465 in
1006 1433 1133 1477 campis
1162 1435 1259 1477 prout
1288 1433 1394 1477 ipsum
1425 1441 1560 1464 censum
1591 1433 1663 1464 siue
1691 1430 1840 1464 redditus
1870 1434 2007 1464 actenus

148 1498 314 1529 tenuimus
345 1505 450 1539 vsque
480 1493 576 1527 modo
606 1498 722 1527 nostro
752 1497 783 1526 et
813 1503 928 1526 eorum
958 1502 1098 1538 quorum
1127 1494 1292 1527 interesse
1321 1496 1451 1538 poterat
1479 1493 1612 1525 nomine
1654 1491 1855 1525 hereditarie
1883 1490 2006 1524 vendi-

148 1556 255 1589 dimus
287 1567 345 1601 pro
375 1555 494 1588 decem
523 1556 645 1588 marcis
676 1553 888 1587 denariorum
917 1557 950 1586 et
978 1562 1117 1586 numero
1146 1552 1373 1599 predictorum
1404 1552 1562 1586 tradendo
1593 1556 1623 1587 in
1654 1555 1724 1587 cius
1744 1555 1946 1598 potestatem
1967 1550 2005 1584 ad

148 1616 386 1662 possidendum
416 1615 497 1649 Jure
525 1613 725 1648 hereditario
756 1614 897 1660 pacifice
940 1617 972 1647 et
1014 1615 1125 1659 quiete
1167 1613 1442 1659 quemadmodum
1480 1613 1519 1647 ad
1557 1624 1652 1648 vsum
1689 1615 1761 1647 siue
1791 1612 1918 1646 reditus
1946 1622 2008 1646 nos

148 1677 288 1723 predicti
326 1676 483 1710 videlicet
518 1675 630 1709 welen
668 1679 773 1710 mater
811 1686 885 1708 mea
924 1678 957 1708 et
985 1684 1075 1707 vxor
1104 1684 1178 1707 mea
1207 1685 1282 1708 cum
1313 1673 1492 1707 heredibus
1522 1676 1648 1708 nostris
1677 1672 1806 1719 prefate
1837 1671 2010 1706 dominelle

147 1736 243 1771 June
271 1737 433 1781 Magistre
463 1739 595 1770 sincera
624 1736 687 1769 lide
717 1740 748 1769 et
780 1738 812 1769 in
841 1735 984 1770 solidum
1019 1734 1060 1768 ab
1098 1733 1186 1769 omni
1224 1737 1436 1781 impeticione
1471 1737 1701 1781 occupacione
1732 1738 1763 1768 et
1793 1733 1833 1767 de
1862 1732 2010 1767 absens-

151 1801 247 1831 sione
275 1797 464 1841 disbrigare
494 1801 526 1831 et
553 1796 697 1831 liberare
725 1799 798 1830 iure
830 1800 920 1830 terre
949 1795 1101 1830 Morauie
1130 1795 1171 1829 ad
1200 1800 1268 1830 tres
1298 1806 1406 1830 almos
1436 1798 1557 1830 nostris
1587 1794 1755 1829 laboribus
1787 1798 1818 1827 et
1848 1795 2009 1839 impensis

150 1861 368 1905 promittimus
399 1862 431 1891 et
461 1857 676 1903 spondemus.
734 1856 831 1898 Quod
867 1860 895 1891 si
930 1867 996 1891 non
1033 1856 1234 1900 faceremus‚
1275 1861 1399 1890 extunc
1435 1859 1532 1890 amici
1570 1859 1675 1890 nostri
1703 1856 1833 1890 scilicet
1862 1854 1940 1889 Otto
1969 1853 2008 1888 de

151 1918 390 1953 Yohuslawicz
422 1917 598 1963 Styborius
629 1918 669 1951 de
698 1917 868 1961 Radkow,
906 1917 1098 1952 Jerosslaus
1129 1917 1169 1951 de
1198 1917 1352 1951 Raczow
1381 1928 1425 1950 ex
1453 1921 1547 1963 parte
1576 1919 1680 1951 nostri
1710 1915 1912 1951 tenebuntur
1940 1926 2008 1948 ex-

151 1979 285 2024 brigare
321 1983 353 2012 et
388 1983 543 2012 tenentur
580 1982 811 2024 promittentes
849 1978 909 2013 sub
949 1977 1054 2012 forma
1083 1978 1284 2013 fideiussorii
1314 1976 1459 2024 qualibet
1488 1979 1670 2011 occasione
1699 1976 1815 2024 procul
1844 1980 1930 2010 mota
1962 2003 1968 2009 .
2001 2003 2006 2009 .

153 2040 248 2081 Quod
279 2044 306 2074 si
335 2051 401 2074 non
431 2039 584 2073 fecerint.
615 2039 749 2073 Extunc
786 2050 850 2084 ego
880 2039 1005 2073 lVelen
1047 2039 1217 2085 predictus
1260 2049 1335 2072 cuin
1378 2037 1515 2084 prefatis
1557 2041 1670 2072 amicis
1708 2036 1883 2071 domicelle
1918 2036 2009 2070 Jutte

152 2101 301 2147 predicte
329 2100 495 2145 Magistre
524 2111 584 2133 seu
613 2102 802 2146 quicunque
831 2100 957 2134 literam
987 2104 1178 2146 presentem
1208 2099 1359 2133 habuerit
1381 2127 1387 2133 .
1409 2110 1470 2145 pro
1499 2099 1686 2145 quindecim
1714 2100 1837 2132 marcis
1867 2096 2010 2131 habituri

152 2162 339 2207 obstagium
369 2166 400 2195 et
437 2165 588 2207 prestare
630 2164 662 2194 in
699 2161 799 2207 opido
837 2160 975 2195 Reuscli
1013 2163 1045 2195 in
1074 2171 1271 2207 quacunque
1300 2160 1398 2194 domo
1427 2159 1523 2194 nobis
1552 2159 1652 2194 fuerit
1680 2164 1852 2193 ostensum
1883 2163 1916 2192 et
1943 2157 2008 2191 de-

151 2227 369 2257 monstratum
399 2221 476 2256 inde
506 2233 571 2255 non
608 2224 729 2255 exituri
759 2233 934 2268 quousque
962 2223 1102 2267 pecunia
1144 2221 1292 2267 predicta
1335 2222 1543 2266 integraliter
1571 2220 1791 2267 persoluatur.
1848 2219 1885 2253 Si
1926 2229 2008 2253 vero

152 2283 281 2329 prefata
309 2285 513 2329 pecuniam
542 2282 792 2327 quatuordecim
836 2281 950 2316 diebus
987 2293 1053 2316 non
1095 2281 1193 2316 fuerit
1234 2282 1416 2328 persoluta7
1462 2281 1595 2315 Extunc
1639 2280 1788 2327 predicta
1836 2279 2008 2314 domicella

152 2344 242 2378 Jntta
271 2343 434 2387 Magistra
465 2346 554 2376 circa
585 2342 699 2376 iudeos
729 2346 801 2376 siue
832 2342 1032 2377 christianos
1067 2346 1178 2378 vsuris
1214 2347 1246 2377 et
1275 2343 1427 2389 dampnis
1457 2340 1728 2376 accrescentibus
1758 2351 1859 2388 super
1888 2340 2007 2387 damp-

153 2415 230 2438 num
258 2406 405 2450 ipsorum
436 2403 616 2449 predictam
645 2406 821 2449 pecuniam
852 2403 1055 2448 acquirendo
1084 2406 1237 2450 recipere
1266 2403 1363 2437 debet
1392 2407 1424 2437 et
1452 2407 1594 2437 tenetur.
1642 2401 1679 2436 In
1708 2404 1802 2437 cuius
1831 2403 1880 2436 rei
1908 2403 2008 2435 testi—

154 2467 300 2498 monium
329 2469 360 2498 et
388 2463 490 2498 robur
518 2467 677 2510 perpetuo
708 2463 885 2497 valiturum
913 2467 1090 2509 presentes
1120 2464 1236 2498 literas
1265 2463 1339 2508 Ego
1368 2463 1490 2497 Welen
1520 2467 1715 2509 prenotatus
1743 2473 1803 2508 pro
1833 2473 1885 2496 me
1905 2465 2008 2495 matre

154 2536 228 2559 mea
257 2529 288 2559 et
315 2536 425 2559 vxore
453 2535 527 2558 mea
557 2535 596 2558 ac
624 2523 801 2558 heredibus
831 2526 954 2558 nostris
983 2524 1120 2570 prefatis
1148 2535 1216 2560 vno
1245 2524 1353 2569 sigillo
1382 2535 1457 2558 ineo
1485 2528 1623 2570 propter
1650 2525 1841 2557 carenciam
1870 2523 2007 2556 aliorum
