2206 2735
1120 70 1193 104 185

233 186 365 225 litteras,
398 187 673 230 inpremissorum
704 186 926 217 testimonium
964 186 1086 217 nostris
1123 183 1239 228 sigillis
1276 182 1463 216 roboratas.
1503 183 1622 216 Datum
1662 182 1794 217 Brunne
1831 193 1918 216 anno
1960 182 2082 216 domini

232 245 404 279 millesimo
434 247 673 278 trecentesimo
702 245 1094 290 quinquagesimotercio.

541 321 636 358 (Orig.
662 323 746 356 Perg,
772 323 788 347 2
808 310 834 348 hss
859 321 955 355 Siegel
978 321 1006 346 in
1030 323 1080 347 der
1106 321 1173 347 Boc.
1198 319 1363 355 Sammlung
1389 321 1436 347 Nr.
1463 321 1544 346 ‘2980
1569 321 1606 346 im
1633 320 1892 358 Laudcsarchive.)

1105 466 1213 502 244.

287 546 564 581 Bartholomaus.
594 545 767 590 Kapellan
801 546 843 578 im
880 543 1155 578 Nonnenlcloster
1189 556 1230 577 z-ec
1275 544 1435 583 Oslacau,
1473 544 1569 588 ltanll
1599 546 1696 578 einen
1728 544 1821 578 Lalen
1850 546 1891 578 im
1921 545 2031 588 Dorl'e

958 604 1121 638 Tamm'lz.
1158 604 1217 638 Dt.
1252 604 1361 638 1353.

389 665 569 718 λοιιθνίηῐ
598 686 745 719 vniuersi
775 682 860 716 lianc
888 683 1014 716 literam
1045 685 1238 728 inspecturi.
1280 681 1373 722 Quod
1412 693 1475 726 ego
1512 681 1639 716 Jenczo
1679 681 1837 729 plebanus
1874 683 1915 716 de
1949 682 2084 716 Nasch-

236 747 367 780 maricz.
401 744 534 790 prisbka
562 745 675 778 relicta
713 743 834 777 domini
871 743 1037 789 Schepani
1077 743 1185 776 fratris
1229 745 1291 775 mei
1334 742 1408 776 dicti
1450 742 1491 776 de
1533 742 1677 789 Maylicz
1714 748 1746 776 et
1784 742 1972 788 Stephanus
2001 742 2083 776 tilius

236 805 343 839 fratris
372 808 434 838 mei
466 805 601 850 predicti
631 803 838 850 presentibus
869 803 1097 848 significamus
1135 805 1313 846 vniuersis„
1352 803 1436 848 quod
1475 803 1514 837 de
1553 808 1679 837 maturo
1708 803 1847 838 consilio
1877 808 1908 837 et
1938 807 2083 837 vnanimi

235 876 399 899 consensu
431 865 638 899 vendidimus
668 869 699 898 et
727 863 938 910 presentibus
966 864 1136 897 venditum
1165 866 1373 908 resignamus
1403 864 1547 897 discreto
1586 867 1658 897 viro
1687 864 1820 897 domino
1851 863 2084 898 Bartholomeo

237 930 374 972 protunc
403 925 575 972 capellano
604 925 807 959 dominarum
838 928 869 958 in
900 923 979 958 Osla
1011 935 1109 957 vnum
1140 926 1270 958 laneum
1300 927 1330 957 in
1362 924 1436 957 villa
1467 924 1648 970 'seiiipnicz
1682 928 1777 958 situm
1821 936 1879 971 pro
1909 925 2024 958 decem
2054 929 2086 958 et

237 991 310 1020 octo
339 989 523 1031 sexagenis
565 996 757 1030 grossorum
801 985 1011 1019 denariorum
1055 988 1271 1031 pragensium
1315 983 1474 1018 Morauici
1517 988 1645 1018 numeri
1675 990 1707 1018 et
1742 988 1933 1031 pagamenti
1962 988 2085 1031 paratis

237 1046 330 1081 nobis
359 1051 431 1080 actu
462 1049 525 1080 iam
555 1047 682 1088 solutis9
713 1056 808 1090 quem
839 1046 968 1091 quidem
1000 1047 1130 1079 laneum
1160 1045 1359 1079 hereditarie
1388 1048 1473 1078 sicut
1503 1048 1666 1079 tenuimus
1695 1051 1725 1079 et
1747 1046 1958 1091 possedimus
1987 1047 2086 1091 pleno

237 1108 392 1141 dominio.
421 1106 556 1141 Juribus
585 1111 617 1141 et
646 1109 860 1152 pertinenciis
897 1109 1062 1140 vniuersis
1099 1111 1130 1139 et
1167 1106 1319 1149 singulis.
1356 1108 1405 1139 sic
1442 1110 1472 1139 et
1512 1116 1572 1139 nos
1611 1105 1751 1139 eundem
1782 1106 1910 1139 laneum
1942 1109 1974 1138 ut
2003 1116 2082 1151 pre-

238 1171 373 1202 mittitur
403 1168 569 1202 venditum
612 1168 770 1212 legittime
813 1169 844 1200 iu
886 1167 1069 1212 predictum
1113 1166 1278 1199 dominum
1323 1165 1550 1199 transferimus
1594 1165 1710 1199 eodem
1753 1166 1850 1199 modo
1893 1165 2085 1201 tenendunn

238 1233 395 1274 perpetue
424 1228 658 1274 possidendum
688 1228 898 1261 vendendum
929 1227 1115 1261 donandum
1146 1226 1412 1260 commutandum
1443 1238 1502 1260 seu
1525 1226 1620 1260 modo
1640 1237 1704 1272 quo
1725 1227 1883 1272 placuerit
1903 1231 1934 1259 et
1955 1226 2085 1272 quando

236 1289 295 1323 sibi
324 1290 485 1334 placuerit
514 1288 765 1334 disponendum.
796 1287 936 1334 Insuper
957 1299 1020 1333 ego
1047 1287 1211 1321 Buczlaus
1241 1287 1280 1320 de
1309 1286 1490 1332 Tempnicz
1519 1287 1709 1332 specialiter
1738 1289 1890 1333 promitto
1917 1286 1980 1320 side
2000 1286 2086 1320 bona

238 1354 270 1383 et
303 1353 375 1384 sine
404 1353 491 1384 omni
521 1350 595 1383 dolo
625 1349 772 1395 predicto
803 1348 934 1381 domiuo
972 1348 1011 1382 ab
1049 1348 1200 1382 omnibus
1236 1346 1509 1381 infestacionibus
1539 1346 1794 1392 Inpeticionibus
1824 1350 2087 1393 inpugnacioni-

239 1411 296 1444 lius
326 1422 386 1445 seu
416 1409 752 1455 interpretacionibus
782 1420 844 1454 que
873 1412 978 1455 ipsum
1009 1409 1175 1443 dominum
1205 1420 1247 1442 ex
1276 1412 1445 1442 contractu
1474 1408 1528 1442 vel
1557 1407 1655 1441 modo
1680 1418 1878 1453 quocunque
1898 1410 2086 1454 opprimere

238 1475 384 1517 possent.
416 1471 594 1506 secundum
629 1475 717 1504 terre
745 1470 895 1504 Morauie
924 1470 983 1504 Jus
1013 1481 1189 1503 commune
1217 1472 1347 1516 penitus
1384 1469 1470 1502 illum
1499 1469 1630 1502 laneum
1666 1468 1858 1512 exhi-ngare.
1908 1467 1973 1501 Sed
2011 1471 2086 1513 quia

238 1532 335 1565 lieres
378 1531 487 1566 fratris
530 1535 593 1565 mei
637 1531 775 1577 predicti
817 1531 924 1575 sigillo
968 1534 1102 1577 proprio
1145 1533 1262 1571 caruit‚
1300 1529 1373 1574 Ego
1413 1528 1540 1562 Jenczo
1578 1528 1737 1574 plebanus
1774 1531 2024 1574 prenominatus
2056 1532 2087 1561 et

238 1592 400 1626 Buczlaus
431 1592 471 1626 de
502 1592 682 1638 Tempuicz
713 1596 745 1625 et
774 1590 985 1625 honorabiles
1015 1593 1078 1624 viri
1108 1590 1228 1624 domini
1257 1589 1432 1636 Foytlinus
1470 1589 1511 1623 de
1546 1589 1700 1635 pochticz
1729 1593 1761 1622 et
1790 1589 1958 1635 dyetlinus
1987 1588 2087 1622 Mau-

240 1655 310 1687 ricii
340 1653 379 1687 de
408 1654 603 1687 VVassaticz
633 1652 672 1686 ad
702 1656 834 1686 nostras
864 1656 895 1686 et
923 1651 998 1685 dicti
1030 1650 1190 1697 Stephani
1218 1662 1336 1696 preces
1356 1653 1518 1684 instantes
1540 1649 1645 1694 sigilla
1667 1654 1778 1683 nostra
1800 1649 1841 1682 de
1860 1653 1950 1683 certa
1973 1654 2086 1683 nostra

240 1716 384 1748 sciencia
421 1713 631 1760 presentibus
669 1713 886 1759 appendimus
915 1715 947 1746 in
977 1714 1196 1746 testimouium
1228 1715 1474 1756 premissorum.
1514 1710 1631 1743 Datum
1669 1714 1701 1743 et
1739 1710 1860 1743 Actum
1890 1713 1920 1743 in
1952 1709 2087 1743 Nascb-

242 1777 363 1809 maricz
394 1775 492 1809 Anno
522 1774 644 1808 domini
673 1773 722 1808 ΜΟ
743 1773 842 1808 CCCO
862 1773 962 1807 L1110.

550 1852 644 1885 (ΘΙ-ῖς.
671 1853 753 1886 Perg.
778 1853 795 1877 4
821 1852 847 1879 h.
874 1852 972 1886 Sigille
996 1851 1034 1877 im
1048 1850 1172 1877 Archive
1192 1851 1242 1875 (les
1260 1850 1509 1884 Koniginklosters
1526 1849 1582 1874 Lit.
1602 1849 1632 1873 P.
1651 1848 1698 1874 Nr.
1718 1848 1756 1873 68
1772 1848 1807 1873 im
1826 1848 2085 1883 Landesarehive.)

1115 1997 1222 2032 ⁴245.

1110 2074 1220 2108 1353.

396 2139 579 2192 Dominus
608 2161 723 2190 noster
751 2156 799 2200 (d.
829 2159 849 2190 i.
880 2157 938 2190 der
965 2156 1052 2190 Herr
1080 2157 1138 2191 der
1168 2156 1261 2190 Stadt
1290 2157 1354 2190 und
1391 2155 1588 2190 Herrscbaft
1629 2155 1807 2200 Zlabings]
1837 2167 1854 2189 a
1883 2155 2015 2189 domino
2045 2155 2086 2188 de

242 2218 418 2251 Landstein
447 2218 715 2252 circumvallatur
744 2220 775 2250 in
805 2221 916 2251 nostra
950 2219 1104 2259 civitate,
1135 2217 1243 2250 donec
1272 2219 1365 2250 cives
1395 2216 1436 2249 de
1464 2215 1566 2249 Telcz
1594 2220 1839 2250 succurrerent.

550 2294 622 2329 (Ans
652 2296 742 2321 einem
774 2296 839 2321 sehr
870 2295 993 2321 manken
1023 2295 1092 2321 halb
1123 2296 1324 2321 vermoderten
1356 2295 1529 2328 Fragmenta
1562 2294 1640 2320 eines
1672 2302 1722 2320 aus
1758 2294 1821 2319 dem
1860 2293 1995 2326 Anfange
2035 2293 2084 2318 des

655 2349 701 2375 15.
736 2347 965 2373 Jahrhundertes
999 2347 1197 2372 stammenden
1237 2347 1348 2372 Buehes
1387 2347 1436 2372 der
1473 2346 1557 2372 stadt
1596 2345 1732 2383 Zlabings
1756 2346 1990 2379 herausgezogen
2030 2353 2085 2369 von

654 2400 719 2424 Aut.
743 2396 864 2436 Boe-ek.)
