2206 2735
1009 43 1079 76 25⁴

111 158 234 192 Bauius.
265 157 415 190 dudit-ns.
450 156 623 190 ltoininiis.
656 155 785 190 Rernis.
818 160 881 188 tani
913 159 942 188 in
975 155 1068 189 bonis
1099 155 1310 189 Venerabilis
1341 156 1578 190 (tloinuccnsis
1612 156 1781 202 Episcopi.
1814 156 1978 202 Principis

111 222 214 252 nostri
245 224 275 251 ct
305 227 539 251 :ucccssoi-iiiii
571 219 686 262 ipsius,
716 227 812 262 quam
843 217 979 250 alioruin
1011 216 1178 250 Raronuin
1209 228 1248 250 ac
1277 216 1465 250 Incolaruui
1486 216 1637 251 Mox-anie
1658 219 1820 261 quociens
1842 216 1977 250 casdem

110 279 291 313 secundum
323 277 536 323 approbatam
577 280 671 315 rcani
717 280 818 311 nostri
863 277 1000 310 Roeuiie
1047 277 1324 312 consuetudinem
1373 289 1432 324 per
1478 289 1538 312 nos
1586 277 1727 312 heredes
1775 280 1847 312 siue
1894 289 1979 311 suc-

109 350 264 373 cessores
313 343 447 372 nostros
496 338 631 371 Boemie
678 338 791 376 Reffes
838 349 882 371 ex
931 339 1086 383 legitimis
1134 341 1247 373 causis
1295 341 1386 382 exigi
1434 349 1493 372 seu
1543 342 1664 385 requiri
1714 341 1898 381 contingi-t,
1946 342 1979 371 ct

110 402 184 433 duni
218 400 313 433 nobis
344 403 416 433 siue
447 399 541 433 dictis
572 398 751 432 heredibus
789 403 818 431 et
849 399 1104 433 sin-cessoribus
1142 403 1263 433 nostris
1294 403 1364 433 iure
1394 398 1568 433 debentur.
1599 399 1794 436 redditibus,
1824 410 1978 445 prouen-

111 461 207 494 tibus.
245 461 414 495 censibus.
453 460 703 493 cxaecionibus.
741 463 836 505 penis
873 464 903 493 et
940 461 1103 503 emendis,
1140 472 1231 494 niero
1262 466 1293 493 et
1324 463 1426 495 mixto
1456 460 1612 506 Imperio,
1641 460 1979 506 Juribuspatronatus

112 521 338 555 Ecclesiaruui
369 526 399 554 ct
431 521 667 554 beneticioruni
698 531 985 567 quorumcunque,
1017 532 1147 554 necnon
1177 532 1251 555 cum
1289 521 1442 555 omnibus
1472 521 1608 555 iuribus.
1640 521 1833 556 honoribus.
1864 521 1980 565 digni-

111 582 243 617 tatibus.
274 582 551 615 obuencionibuS.
579 581 890 623 consuetudinibus,
920 583 1132 616 adherenciis
1154 587 1185 616 ct
1207 583 1346 626 singulis
1367 585 1584 628 pertinenciis
1604 585 1685 623 suisq
1716 582 1980 627 quibuscumque

111 643 313 688 specialibus
351 643 541 676 nonmnbus
577 647 607 676 et
652 642 822 676 uocabulis
867 647 991 688 possint
1035 655 1110 677 seu
1150 644 1283 677 ualeant
1321 646 1530 690 expressuri,
1561 646 1592 676 in
1624 642 1756 677 feudum
1787 643 1908 685 nobile,
1940 647 1978 675 et

111 706 302 748 insigne.
333 708 364 737 ct
395 704 482 737 iusto
513 702 599 736 l'eodi
631 703 724 736 titulo
754 714 771 736 a
802 703 909 738 nobis.
942 704 1123 737 heredibus
1161 709 1191 737 et
1221 704 1476 738 successoribus
1506 707 1631 738 nostris
1661 703 1812 748 Regibus
1843 703 1981 738 Boemie

110 769 140 797 ct
173 778 189 797 a
221 766 353 798 Corona
393 765 500 808 Regni
541 764 670 810 prel'ati.
716 763 903 798 habendum
947 765 1139 801 tenendum.
1183 765 1422 811 possidendum
1466 776 1506 799 ac
1542 765 1764 799 util'ruendum
1803 769 1978 811 perpetuo,

111 826 238 860 «lanius.
268 826 482 859 conferinms.
513 830 543 858 et
574 825 748 860 donamus,
781 829 966 871 presertim,
997 837 1070 860 cum
1102 826 1244 860 eundem
1276 826 1542 860 Mai-chionatum
1566 826 1716 860 Morauie
1746 825 1866 859 dudum
1889 826 1979 859 claro

111 887 361 920 recordacionis
396 887 546 920 illustres
585 889 819 933 progenitores
857 892 889 920 ct
923 888 1188 933 predecessores
1219 890 1322 921 nostri
1353 887 1517 933 quondam
1549 887 1687 921 Boemie
1717 898 1818 932 reges
1848 900 1864 919 a
1895 886 1980 920 diuis

111 947 337 982 Romanorum
367 947 628 994 Imperatoribus
659 951 689 980 et
720 947 869 992 ttvgitms
892 951 1052 982 memorie
1081 948 1287 991 uenerande,
1320 951 1349 982 in
1372 948 1505 982 l'eoduni
1527 951 1695 982 tenuerint
1723 953 1755 982 et
1785 951 1815 981 in
1847 947 1978 981 leoduni

111 1009 366 1055 presencialiter
396 1014 616 1050 teneatur,
649 1008 695 1042 Et
726 1009 856 1042 deniuni
887 1021 926 1043 ac
956 1010 995 1043 de
1026 1012 1246 1056 consequenti
1277 1009 1425 1043 lllustres
1456 1009 1621 1055 quondam
1652 1008 1866 1043 Marchiones
1897 1008 1979 1042 Mo-

113 1074 206 1105 rauie
235 1071 376 1104 cundem
409 1070 632 1116 Principatum
664 1082 681 1103 a
712 1070 849 1104 l3oeinie
880 1070 1031 1115 Regibus
1061 1070 1198 1104 ulterius
1229 1074 1259 1104 iu
1281 1070 1414 1104 feodum
1442 1073 1619 1113 tenuerint,
1650 1074 1683 1103 ut
1712 1074 1761 1104 sic
1791 1075 1822 1103 et
1847 1073 1978 1104 inantea

112 1133 321 1179 supradictus
353 1133 388 1165 fr
399 1136 494 1165 ater
523 1136 561 1164 et
594 1131 616 1164 l‘
628 1134 691 1164 rin
705 1144 722 1164 c
735 1143 812 1178 eps
843 1136 995 1165 noster
1024 1131 1230 1174 dilectus,
1253 1131 1394 1165 heredes
1415 1136 1446 1165 et
1467 1130 1672 1177 proheredes
1692 1134 1742 1165 sui
1763 1130 1979 1165 Marchioncs

113 1193 264 1227 Min-anie
294 1194 416 1226 dictum
446 1192 713 1226 Marchionatuin
744 1204 761 1226 a
793 1192 909 1235 nobis2
949 1192 1127 1227 heredibus
1158 1198 1190 1226 et
1220 1192 1477 1227 successorihus
1507 1195 1631 1226 nostris
1662 1192 1799 1226 Boemie
1829 1191 1980 1236 Regibus

112 1259 143 1288 et
172 1266 189 1288 a
220 1255 352 1288 Corona
384 1254 494 1298 Regni
526 1253 663 1286 Roeinie
692 1257 798 1287 eciam
831 1256 860 1287 in
892 1254 1024 1287 feodum
1055 1259 1218 1300 perpetuo
1248 1259 1364 1287 tencre
1394 1252 1549 1289 debeant.
1580 1257 1666 1288 sicut
1695 1257 1802 1288 eciam
1831 1264 1905 1289 nos.
1926 1255 1978 1298 qui

112 1327 178 1349 non
208 1315 340 1349 aliunde
369 1314 410 1349 ob
441 1315 503 1348 hoc
533 1315 688 1360 exempla
719 1315 921 1359 colligimusff
953 1314 1028 1349 dnm
1059 1326 1213 1349 essemus
1244 1318 1274 1348 in
1305 1313 1486 1348 minoribus
1508 1318 1689 1350 constituti.
1720 1314 1862 1349 eundem
1883 1313 1980 1347 Mar—

112 1379 300 1410 chionatum
337 1387 411 1409 cum
449 1375 600 1409 omnibus
636 1378 705 1410 suis
741 1375 942 1419 honoribus,
981 1376 1132 1410 dominiis
1171 1380 1203 1409 et
1238 1378 1455 1422 pertinenciis
1494 1388 1511 1409 a
1550 1376 1639 1410 clare
1669 1379 1829 1410 memorie
1859 1374 1979 1409 illustri

111 1437 264 1471 Johanne
294 1437 458 1484 quondam
489 1437 626 1470 Boemie
656 1436 764 1481 Rege,
797 1435 957 1471 Genitore
988 1441 1102 1471 nostro
1132 1440 1321 1483 carissimo7
1352 1437 1556 1471 dinoscimur
1577 1440 1738 1479 tenuisse,
1769 1440 1854 1471 sicut
1874 1439 1978 1469 eciam

113 1499 188 1533 illud
219 1503 417 1543 argumento
448 1498 607 1544 probabili
639 1509 681 1531 ex
713 1499 818 1532 literis
849 1498 914 1531 diui
945 1498 1119 1532 Friderici.
1157 1498 1383 1532 Romanorum
1413 1497 1532 1543 Regis7
1564 1501 1593 1531 in
1625 1497 1742 1542 quibus.
1773 1499 1978 1542 exprimitim

112 1560 197 1606 quod
236 1560 376 1593 illustris
417 1559 582 1593 Henricns
618 1571 676 1605 pro
721 1564 796 1593 tunc
835 1559 985 1593 Marchio
1015 1559 1166 1593 Morauie
1209 1564 1239 1593 et
1283 1562 1487 1593 vniuersitas
1515 1558 1709 1603 Magnatum
1747 1563 1779 1591 ei
1815 1557 1978 1591 Nobilium

113 1621 249 1655 Boeinie
287 1621 327 1654 de
363 1632 503 1654 assensu
542 1619 681 1655 lllustris
718 1620 855 1655 Otalzari
891 1621 1057 1667 quondam
1088 1620 1226 1654 Bocmie
1254 1620 1371 1665 Regis,
1416 1623 1532 1666 proaui
1576 1622 1692 1661 nostri,
1736 1618 1977 1652 wenceslaum

111 1685 369 1728 primogenitum
400 1684 517 1728 ipsius,
549 1680 713 1715 lllustrem
743 1684 775 1715 in
806 1681 935 1726 Regem
965 1693 1060 1716 suuni
1097 1682 1260 1727 elegerint
1297 1686 1330 1715 et
1358 1681 1475 1715 cadem
1506 1681 1635 1714 eleccio
1665 1692 1724 1725 per
1754 1678 1978 1725 supradictum

113 1743 320 1778 Fridericum
349 1743 575 1777 Romanorum
605 1742 738 1787 Regem
781 1742 880 1776 fucrit
922 1742 1105 1788 approbata
1149 1746 1180 1776 et
1222 1754 1266 1775 cx
1304 1743 1409 1776 literis
1449 1741 1514 1775 dini
1551 1740 1709 1775 Richardi
1748 1740 1978 1773 Romanorum

111 1805 216 1849 Regis
246 1805 407 1838 similiter.
438 1807 468 1837 in
499 1803 616 1848 qulbus
647 1804 732 1837 ideni
762 1803 802 1837 ad
833 1806 936 1837 instar
973 1804 1109 1837 aliorum
1141 1802 1381 1849 Imperatorum
1412 1807 1444 1836 et
1473 1802 1700 1836 Romanorum
1731 1800 1861 1845 Regum
1893 1799 1978 1833 lllu-

113 1871 212 1899 strem
235 1865 418 1899 Otaharum
440 1865 635 1905 secundumq
666 1865 831 1910 quondam
854 1865 992 1898 Boemie
1014 1864 1142 1910 Regem
1174 1875 1369 1910 proauum
1399 1867 1543 1898 nostru
1555 1875 1597 1905 in7
1629 1874 1687 1908 pro
1719 1873 1768 1904 se,
1799 1859 1979 1895 heredibus

112 1932 144 1961 et
174 1925 432 1961 successoribus
461 1929 559 1968 suis,
593 1926 728 1959 Boemie
758 1925 923 1970 Regibus,
954 1925 994 1959 de
1015 1925 1153 1971 predicti
1183 1925 1293 1970 Regni
1316 1924 1464 1966 BoemiQ
1496 1929 1528 1957 ct
1556 1923 1807 1958 Marchionatus
1827 1921 1978 1955 Mor-anie

113 1987 352 2033 l'rincipatibus
391 1992 421 2020 et
462 1987 567 2021 l'codis
603 1986 644 2020 ab
683 1990 763 2034 ipsis
793 1986 1076 2021 descendentibus
1106 1989 1288 2020 inuestiuit.
1332 1997 1414 2031 quas
1445 1985 1622 2030 diligenter
1651 1984 1854 2017 auscultari
1884 1987 1915 2015 et
1947 1986 1976 2015 in

111 2060 254 2083 examen
285 2048 424 2095 prouide
455 2048 671 2082 discussionis
701 2049 798 2083 oduei
829 2048 979 2090 fecimus,
1011 2047 1183 2081 euidenter
1205 2050 1367 2093 accipitur
1390 2051 1422 2079 et
1442 2047 1609 2090 colligitur
1639 2044 1824 2078 manifeste.
1857 2043 1979 2077 Vene-

112 2111 206 2144 rabili
235 2110 402 2153 Johanne,
439 2110 655 2144 Olouiucensi
689 2110 872 2156 Episcopo.
911 2110 1172 2154 Consanquineo
1211 2113 1337 2149 nostro„
1377 2119 1509 2141 necnon
1540 2107 1659 2140 Illustri
1688 2105 1839 2144 Nicotao„
1882 2104 1978 2139 Duce

113 2174 275 2217 Uppauie,
307 2171 517 2217 Principibus
547 2175 681 2212 nostris,
712 2171 891 2205 heredibus
922 2175 955 2204 et
984 2169 1242 2204 successoribus
1272 2172 1419 2214 ipsorum
1439 2168 1608 2201 dumtaxat
1629 2169 1795 2212 exceptis.
1828 2166 1976 2206 Quorum

112 2234 264 2274 atterum,
294 2232 449 2266 uidelicet
479 2231 740 2265 Olonincensem
771 2231 977 2278 Episcopum
1015 2235 1046 2264 et
1076 2240 1297 2264 successores
1329 2229 1477 2262 eiusdem
1508 2232 1628 2262 uirtute
1658 2228 1839 2260 litterarum
1871 2237 1978 2259 reeo-

112 2293 207 2327 lende
237 2296 398 2327 memorie
428 2292 576 2326 diuorum
607 2292 767 2326 Friderici
788 2292 1002 2338 Imperatoris
1024 2296 1053 2324 et
1077 2291 1237 2325 Friderici
1258 2290 1364 2334 Regis
1386 2289 1610 2323 Romanorum
1633 2288 1788 2332 Auguste
1810 2289 1976 2333 potencie.

111 2354 389 2399 predecessorum
420 2358 622 2387 mistroruin.
654 2356 684 2386 in
716 2353 833 2398 quibus
864 2353 961 2386 iidem
992 2353 1111 2386 illustri
1143 2351 1292 2385 otakaro
1321 2353 1438 2396 primo,
1469 2350 1633 2395 quondam
1664 2348 1801 2381 Boemie
1832 2348 1915 2391 Regi
1946 2352 1976 2380 et

111 2418 180 2448 suis
211 2414 466 2448 successoribus
497 2418 546 2448 ius
577 2419 609 2448 et
639 2418 835 2460 potestatem
866 2413 1067 2448 inuestiendi
1097 2412 1283 2458 Episcopos
1318 2411 1428 2456 Regni
1460 2411 1596 2444 Uocniie
1627 2412 1799 2455 prenotati.
1831 2408 1869 2442 Ei
1902 2407 1977 2441 Ve-

111 2475 250 2508 nerabili
283 2476 498 2509 Olomucensi
528 2474 710 2520 Episcopm
743 2477 794 2520 qui
827 2475 883 2508 luit
907 2486 966 2520 pro
996 2479 1145 2519 tempore
1176 2477 1213 2506 et
1245 2475 1341 2506 suis
1372 2470 1733 2511 successorihus,
1765 2472 1976 2511 insignem

108 2537 266 2569 circulum
313 2535 509 2569 t¹t⁷tadi÷tn‹›.
556 2535 690 2569 ssoemie
735 2535 819 2568 duci.
864 2539 916 2580 qni
963 2535 1151 2572 Regnum
1196 2533 1438 2579 predictum
1476 2537 1553 2565 unte
1594 2534 1852 2565 coronaciouem
1883 2541 1975 2563 suani
