2206 2735
1111 77 1184 113 243

1097 199 1207 235 304.

225 281 297 315 Der
328 280 469 326 Offizial
496 281 557 315 der
587 279 764 313 Passaner
799 278 928 313 Kz'rclze
963 277 1167 312 verurtheilt
1207 277 1270 311 den
1299 276 1461 311 Klerilcer
1502 277 1562 311 der
1598 277 1681 311 Olm.
1719 277 1867 312 Dio'zese
1904 277 2076 312 Nikolaus

284 353 345 376 von
376 333 549 375 S'vabeuic
578 351 638 373 z-ur
668 339 827 385 Zalzlemq
854 350 920 374 von
947 338 1092 372 kmzderl
1124 337 1252 373 Gulden
1282 338 1424 371 Kosten.
1480 337 1540 371 Dc.
1576 336 1675 373 Wien
1705 337 1764 371 22.
1794 337 1877 372 Jum‘
1905 337 2017 372 1355.

380 417 425 470 ln
462 434 605 469 Nomine
634 435 757 469 domini
786 445 893 469 amen.
949 433 1078 467 Pridem
1113 435 1344 468 sanctissimus
1379 436 1411 467 in
1441 432 1571 467 Christo
1600 437 1694 479 pater
1723 437 1755 467 et
1783 433 1934 468 dominus
1963 438 2077 469 noster

225 497 377 531 dominus
408 495 631 530 Innocencius
660 495 769 530 diuina
798 493 1014 541 prouidencia
1051 505 1137 540 papa
1166 493 1212 528 VI
1248 505 1382 529 causam
1418 505 1482 540 que
1511 493 1704 529 vertebatur
1733 505 1792 529 seu
1820 498 1907 529 verti
1937 499 2076 541 specta-

226 558 320 592 batur
347 560 434 590 inter
472 555 699 590 honorabilem
735 558 842 590 virum
878 555 1043 589 dominum
1079 554 1250 588 Nicolaum
1281 555 1322 589 de
1349 554 1596 589 Frankenstein
1625 553 1827 589 Canonicum
1858 555 2078 590 Wratislaui-

225 629 339 653 ensem
370 629 415 651 ex
444 629 509 651 vna
540 622 571 652 et
599 616 772 651 Nicolaum
810 616 851 650 de
881 616 1084 651 Swabenicz
1126 620 1332 649 asserentem
1372 626 1409 650 se
1451 615 1609 649 clericum
1653 615 1888 650 Olomucensis
1931 616 2077 651 diocesis

225 689 326 724 super
355 678 536 724 parochiali
567 678 713 712 ecclesia
743 680 774 711 in
804 677 963 723 Auspecz
1001 675 1088 710 dicte
1126 675 1362 710 Olomucensis
1397 675 1540 710 diocesis
1575 680 1607 709 et
1643 679 1714 710 eius
1757 679 1957 710 occassione
1986 681 2079 723 parte

224 750 268 773 ex
297 739 400 773 altera
439 738 581 772 Ofliciali
618 737 842 780 Pathauiensi,
879 740 950 772 eius
986 739 1119 783 proprio
1156 739 1290 770 nomine
1322 746 1388 770 non
1419 746 1596 782 expressQ
1627 735 1824 770 audiendam
1854 739 2017 771 commisit
2047 741 2079 771 et

226 800 289 833 line
319 798 429 833 debito
463 798 702 833 terminandam
732 809 805 832 cum
835 797 1086 842 emergentibus
1116 796 1382 843 dependentibus
1412 801 1445 831 et
1472 799 1648 831 connexis.
1697 797 1828 842 Vigore
1858 800 1952 831 cuius
1981 808 2079 831 com-

225 863 391 893 missionis
426 859 495 893 Nos
531 859 663 893 Vlricus
700 858 889 892 Canonicus
928 857 1139 892 Brixinensis
1174 862 1207 891 et
1243 857 1404 891 Officialis
1443 857 1653 892 Patauiensis
1688 860 1721 891 in
1752 857 1837 892 dicta
1867 869 1969 892 causa
1998 861 2078 892 iuris

225 921 341 954 ordine
370 925 403 954 et
432 920 504 953 aliis
533 919 706 953 seruandis
737 921 878 952 seruatis
908 918 1131 965 procedentes
1148 918 1352 952 diffinitiuam
1374 918 1504 952 tulimus
1535 921 1742 952 sentenciam
1773 918 1924 964 predicto
1945 918 2078 953 domino

225 980 363 1015 Nicolao
395 980 435 1014 de
467 980 711 1014 Frankenstein
741 984 773 1013 et
802 984 917 1012 contra
946 978 1117 1013 Nicolaum
1149 980 1189 1012 de
1220 979 1423 1014 Swabenicz
1452 980 1689 1025 supradictum,
1718 982 1826 1026 ipsum
1855 983 1887 1014 in
1918 982 2079 1025 expensis

226 1045 256 1076 in
286 1053 387 1076 causa
419 1041 603 1076 huiusmodi
639 1051 698 1087 pro
737 1045 832 1088 parte
871 1040 947 1074 dicti
984 1040 1112 1074 Nicolai
1152 1040 1192 1073 de
1221 1039 1466 1073 Frankenstein
1494 1039 1591 1074 factis
1621 1039 1766 1074 finaliter
1794 1040 2080 1086 condempnantes

225 1106 368 1149 ipsarum
401 1113 626 1148 expensarum
657 1104 866 1135 taxacionem
897 1101 992 1135 nobis
1023 1104 1236 1147 imposterum
1267 1105 1450 1143 reseruata,
1481 1105 1578 1147 prout
1606 1100 1668 1134 hec
1698 1104 1806 1135 onmia
1837 1105 1868 1134 et
1889 1101 2019 1145 singula
2049 1103 2081 1134 in

224 1162 364 1207 quodam
396 1162 528 1209 publico
557 1166 776 1196 instrumento
806 1165 925 1207 singno
954 1166 984 1196 et
1005 1160 1256 1207 subscripcione
1272 1161 1360 1196 Petri
1382 1162 1546 1207 quondam
1575 1161 1704 1196 Alberti
1731 1162 1771 1195 de
1794 1161 1938 1196 Wienna
1967 1162 2079 1196 clerici

228 1223 434 1257 Patauiensis
473 1223 619 1257 diocesis
660 1222 779 1269 publici
817 1223 984 1269 Imperiali
1023 1226 1219 1257 auctoritate
1247 1222 1374 1256 Notarii
1405 1223 1588 1269 Scribeque
1617 1225 1721 1257 nostri
1744 1225 1900 1267 singnato
1922 1227 1953 1256 et
1972 1225 2078 1256 nostri

225 1283 424 1317 officialatus
456 1283 554 1328 sigilli
583 1286 790 1330 appensione
818 1287 942 1317 munito
972 1287 1169 1317 continetur.
1201 1283 1413 1318 Postmodum
1445 1294 1526 1318 vero
1555 1283 1625 1318 Nos
1645 1283 1780 1318 Wricus
1802 1283 1910 1317 Judex
1931 1282 2079 1329 prefatus

225 1344 264 1378 ad
301 1347 501 1378 instanciam
541 1344 675 1378 discreti
712 1347 774 1379 viri
810 1344 938 1378 Nicolai
969 1344 1008 1377 de
1037 1344 1200 1389 Languelt
1228 1347 1453 1390 procuratoris
1493 1345 1566 1378 dicti
1606 1344 1733 1378 Nicolai
1764 1344 1805 1377 de
1834 1343 2081 1378 Frankenstein

225 1416 338 1439 eoram
368 1404 461 1439 nobis
492 1408 523 1438 in
552 1405 672 1439 iudicio
702 1409 926 1451 comparentis
956 1405 1075 1439 dictum
1105 1404 1275 1439 Nicolaum
1307 1405 1346 1439 de
1376 1405 1570 1439 swalienicz
1600 1405 1638 1438 ad
1669 1404 1846 1438 uidendum
1876 1407 1983 1438 taxari
2012 1416 2081 1438 ex—

226 1477 348 1512 pensas
379 1477 438 1512 pro
469 1470 561 1512 parte
591 1466 667 1499 dicti
705 1466 833 1500 Nicolai
872 1466 912 1499 de
947 1465 1192 1500 Frankenstein
1230 1466 1336 1500 factas
1371 1470 1402 1500 in
1432 1477 1532 1500 causa
1562 1466 1747 1500 huiusmodi
1777 1470 1811 1499 ut
1840 1468 1940 1499 moris
1970 1470 2018 1499 est
2049 1468 2080 1499 in

225 1527 322 1561 domo
351 1526 571 1560 habitacionis
602 1537 661 1560 sue
692 1531 722 1560 et
760 1531 838 1572 aput
872 1527 1049 1560 eeclesiam
1085 1530 1116 1560 in
1154 1526 1260 1572 Opido
1297 1528 1457 1572 Auspecz
1486 1527 1636 1573 predicto
1666 1529 1760 1560 citari
1790 1526 2019 1559 inandauimus
2049 1530 2082 1560 et

226 1587 366 1621 fecimus
405 1587 444 1620 ad
483 1592 610 1621 certum
648 1590 904 1633 peremptorium
940 1591 1112 1622 terminum
1148 1593 1392 1634 competentem
1437 1587 1611 1634 eidemque
1652 1587 1793 1621 Nicolao
1836 1586 1877 1620 de
1918 1586 2081 1631 Languett

228 1652 436 1694 procuratori
478 1648 628 1694 predicto
665 1648 806 1682 eundem
844 1651 1019 1682 terminum
1058 1654 1088 1682 et
1127 1649 1165 1682 ad
1200 1649 1284 1682 idem
1316 1653 1505 1694 perempter
1534 1648 1751 1692 assignando,
1795 1651 1826 1681 in
1856 1658 1919 1692 quo
1949 1648 2080 1692 quidem

230 1711 369 1741 termino
398 1711 582 1754 comparuit
619 1711 649 1742 in
690 1708 810 1742 iudicio
848 1719 958 1742 coram
1001 1708 1095 1742 nobis
1125 1709 1232 1743 dictus
1271 1708 1428 1742 Nicolaus
1458 1708 1498 1742 de
1526 1708 1688 1752 Languelt
1717 1712 1915 1754 procurator
1945 1712 1975 1740 et
2004 1708 2080 1741 dicti

229 1768 355 1802 Nicolai
385 1768 425 1802 de
456 1769 658 1802 Swabenicz
693 1771 782 1802 citati
815 1774 846 1802 et
875 1780 939 1802 non
971 1773 1196 1815 comparentis
1239 1772 1480 1803 contumaciam
1519 1771 1708 1803 accussauit
1745 1779 1888 1814 eumque
1922 1779 1982 1814 per
2018 1779 2080 1802 nos

227 1833 457 1863 contumacem
488 1832 587 1875 peciit
616 1832 763 1876 reputari
793 1841 831 1863 ac
861 1832 891 1863 in
922 1833 992 1864 eius
1022 1833 1262 1864 contumaciam
1293 1833 1393 1877 peciit
1422 1842 1482 1877 per
1510 1841 1572 1864 nos
1602 1841 1661 1876 per
1690 1829 1794 1864 dictas
1824 1839 1993 1875 expensas
2022 1839 2082 1874 per

227 1889 347 1923 dictum
378 1889 550 1923 Nicolaum
582 1890 622 1923 de
652 1889 896 1925 Frankenstein
927 1891 1142 1937 principalem
1173 1894 1203 1925 in
1233 1902 1333 1925 causa
1363 1891 1548 1925 huiusmodi
1577 1890 1684 1924 factas
1714 1893 1833 1924 taxari.
1882 1889 1951 1923 Nos
1980 1891 2081 1934 igitur

228 1949 359 1983 Vlricus
396 1949 500 1983 Index
532 1950 678 1996 prefatus
708 1951 825 1985 dictum
856 1951 1029 1985 Nicolaum
1059 1952 1099 1985 de
1130 1951 1331 1986 Swabcnicz
1361 1954 1494 1985 citatum
1526 1956 1557 1985 et
1585 1962 1650 1985 non
1672 1955 1922 1997 comparentem
1952 1961 2015 1996 quo
2041 1949 2080 1983 ad

227 2015 333 2044 actum
363 2011 547 2044 huiusmodi
576 2016 768 2057 reputantes
799 2015 958 2057 exigente
988 2016 1117 2047 iusticia
1147 2016 1264 2046 meritc
1295 2017 1524 2046 contumacem
1554 2014 1678 2046 ineius
1701 2013 1944 2046 contumaciam
1976 2011 2081 2044 dictas

227 2082 396 2116 expensas
426 2082 485 2116 pro
517 2076 610 2117 parte
639 2071 715 2105 dicti
746 2071 873 2106 Nicolai
903 2073 943 2106 de
972 2072 1216 2108 Frankenstein
1244 2074 1435 2120 principalis
1464 2072 1569 2106 factas
1598 2076 1630 2107 in
1653 2071 1790 2106 Centum
1821 2072 1990 2105 ssorennos
2011 2073 2081 2104 auri

227 2132 266 2166 de
295 2130 453 2165 ssorencia
485 2131 561 2166 boni
591 2135 660 2166 auri
690 2137 723 2166 et
751 2133 888 2178 legitimi
918 2133 1075 2179 ponderis
1108 2136 1198 2180 prius
1227 2139 1337 2167 tamen
1367 2144 1426 2180 per
1455 2144 1515 2167 nos
1545 2132 1651 2166 eidem
1681 2132 1821 2166 Nicolao
1850 2131 1890 2165 de
1919 2130 2081 2176 Languelt

225 2195 434 2239 procuratori
464 2192 572 2226 delato
602 2196 797 2237 iuramento,
829 2194 914 2240 quod
944 2198 1068 2228 tantum
1096 2198 1126 2228 in
1157 2206 1258 2228 causa
1287 2193 1475 2228 huiusmodi
1505 2193 1612 2228 dictus
1641 2193 1801 2227 Nicolaus
1830 2192 1870 2226 de
1900 2191 2081 2226 Franken—

227 2257 309 2288 stein
340 2254 531 2300 principalis
560 2254 767 2300 expenderat
802 2256 856 2289 uel
884 2259 1080 2290 necessario
1117 2256 1309 2302 expendere
1348 2254 1489 2289 debebat
1524 2259 1555 2288 et
1590 2265 1650 2300 per
1679 2254 1798 2288 dictum
1829 2253 2003 2287 Nicolaum
2040 2253 2080 2287 de

226 2313 386 2359 Languelt
415 2320 669 2360 procuratorem
698 2315 737 2349 ad
768 2321 885 2350 sancta
924 2316 976 2350 dei
1018 2317 1209 2361 ewangelia
1251 2316 1471 2362 corporaliter
1513 2327 1612 2350 manu
1641 2319 1728 2349 tacta
1760 2317 1896 2361 prestito
1927 2313 2081 2347 duximus

227 2374 337 2408 habita
367 2374 475 2408 debita
506 2375 743 2409 moderacione
773 2376 947 2412 taxandus.
1004 2377 1041 2411 In
1071 2380 1164 2411 cuius
1194 2379 1243 2411 rei
1273 2379 1496 2411 testimonium
1525 2380 1701 2423 presentes
1731 2380 1865 2409 nostras
1895 2376 2082 2408 taxacionis

228 2435 341 2468 literas
372 2446 431 2468 seu
460 2447 601 2481 presens
643 2436 807 2482 publicum
847 2439 1102 2471 instrumentum
1132 2449 1192 2484 per
1220 2442 1347 2484 petrum
1376 2437 1540 2483 quondam
1571 2436 1699 2471 Alberti
1729 2436 1769 2469 de
1799 2435 1948 2469 U⁷ienna
1977 2435 2082 2468 cleri-

228 2506 300 2528 cum
331 2495 540 2530 Patauiensis
570 2496 714 2530 diocesis
744 2496 907 2542 publicum
939 2497 1105 2544 [inperiali
1136 2501 1334 2533 auctoritate
1363 2498 1535 2533 Notarium
1565 2496 1775 2541 scribamque
1796 2500 1944 2530 nostrum
1974 2494 2082 2529 infra-

227 2558 384 2601 scriptum
431 2555 531 2590 scribi
578 2561 609 2590 et
654 2556 814 2602 publicari
862 2558 1090 2593 mandauimus
1128 2562 1298 2606 nostrique
1337 2558 1542 2594 Officialatus
1576 2558 1673 2603 sigilli
1703 2556 1844 2591 fecimus
1876 2559 2082 2602 appensione

1918 2630 1977 2657 31Ξ
