2206 2735
1054 64 1099 94 siti

149 180 348 214 Altacivitiis
379 178 609 211 t'errensuions
639 175 837 208 ¹lacobix‘illa
860 173 970 207 Nieols
992 173 1203 208 Martinivilla
1225 174 1468 209 Joliannisvilla
1491 176 1735 210 Ebirbardvilla
1764 176 2004 215 Gonlenscmn,

147 243 315 287 antiquum
343 236 471 273 oaldi-k
504 236 742 271 ltiebardivilla
775 234 956 269 t'iriciviua
987 233 1280 270 Mai·sclionisvilla
1311 240 1341 268 et
1373 235 1564 270 Sobeeinna
1587 240 1615 270 in
1639 235 1906 281 Sebombcrgcn.
1940 248 2002 271 ne(-

148 313 212 336 uon
245 299 479 334 llladux'isvillu
510 298 725 332 Rei-marscat
758 295 993 330 nesciimnlort'
1019 294 1148 329 Moraw
1177 295 1450 331 Novunitbecnns
1480 297 1689 332 Albertivilla
1720 297 1942 343 'sylonisvilla
1974 302 2005 331 et

151 362 318 407 Lompuitr¹
348 359 577 407 paroccliiales
607 359 770 393 ecclesias
801 360 830 390 in
864 356 1064 390 llassanien.
1098 356 1322 391 Decanatibus
1361 357 1518 402 predictis
1547 360 1773 392 consistentes
1803 357 1890 391 dicte
1920 357 2004 391 Olo—

149 434 276 456 inucen.
309 422 456 455 diocesis
494 432 567 454 cuin
607 422 772 453 universis
806 429 920 451 eorum
960 416 1083 451 iuribus
1121 421 1153 450 et
1192 421 1398 463 pertinentiis
1427 418 1535 452 eidem
1564 418 1820 453 Lucliomuslen.
1854 418 2003 452 Ecclosn·

150 495 208 528 pro
238 483 363 517 diocesi
393 484 570 526 assignare
601 484 819 526 incorporare
855 483 885 512 et
926 481 1018 512 unire
1057 481 1087 511 in
1128 482 1320 524 perpetuum
1360 478 1584 523 ‹lig-narcinun
1623 483 1719 525 prout
1754 482 1784 513 in
1815 478 2003 525 patentibus

148 544 264 577 litteris
295 543 369 577 inde
398 542 562 576 consectis
592 541 816 587 predictorum
848 538 1088 584 Episcoporuni
1126 550 1164 571 ac
1201 539 1423 584 Capituloruni
1455 539 1650 573 (uomucen.
1686 545 1717 574 et
1746 539 2002 574 Lucliomuslen.

148 604 267 649 sigillis
298 606 441 638 munitis.
473 613 609 647 (piarum
648 606 782 634 tenores
817 600 858 633 de
893 598 998 633 verbo
1037 598 1076 631 ud
1107 598 1245 632 rei-bum
1276 602 1306 632 iu
1338 599 1547 645 presentibus
1577 602 1676 633 inseri
1707 600 1846 634 fecimus
1876 601 2003 646 plenius

149 668 344 698 continetur.
376 663 444 698 Nos
473 662 705 696 desideramus
735 660 819 705 quod
851 671 889 694 ea
919 671 981 705 que
1011 659 1223 693 concorditer
1265 663 1297 693 et
1336 660 1474 706 proinde
1503 663 1593 694 circa
1624 660 1686 694 lice
1715 664 1789 695 aota
1818 666 1906 696 sunt.
1938 662 2002 695 illi-

150 726 222 759 bata
255 727 445 772 persistant.
477 735 515 757 ae
545 724 696 757 volentes
727 721 911 755 huiusmodi
941 722 1111 765 negotium
1142 719 1327 766 perducere
1357 720 1395 753 ad
1426 720 1568 754 debitum
1599 724 1809 755 executionis
1839 722 2001 756 ell'eetuni.

148 787 278 820 t'lerum
319 791 348 819 et
389 784 555 831 populum.
594 795 632 817 ac
663 782 844 817 Cenobium
884 786 915 815 et
952 780 1180 827 paroeeliiales
1215 781 1378 815 ecclesias
1416 781 1606 826 supradicta
1638 784 1669 815 in
1699 781 1825 815 eisdem
1857 783 2003 816 Scliom-

149 848 287 892 bergen.
319 851 347 880 et
381 846 577 880 llussonien.
612 843 836 878 Decanatibus
876 844 1093 876 consistentia
1131 852 1204 875 cum
1235 852 1347 875 earum
1378 840 1501 875 iuribus
1530 845 1561 874 et
1591 845 1798 888 pertinentiis
1836 845 2003 876 universi>

150 909 190 941 ab
220 908 335 942 eadem
367 907 492 940 diocesi
515 906 712 939 Olmiiucen.
744 906 921 938 autoritate
952 903 1097 948 predicta
1127 902 1304 936 dividimus
1326 907 1357 935 et
1378 902 1521 936 totaliter
1549 914 1757 949 separamus,
1789 908 1819 936 et
1849 903 1888 937 ab
1918 907 2003 937 omni

150 969 384 1003 iurisdictioiw.
416 967 560 1001 dominio
590 971 620 999 et
653 969 815 1012 potestate
845 964 1067 1010 predictorum
1099 963 1256 1010 Episcopi
1286 968 1319 996 et
1348 963 1485 1009 Capituli
1515 963 1711 998 (')l‹nnucen.
1752 975 1887 1010 prorsus
1926 968 2005 998 exi-

151 1033 277 1063 mimus.
309 1034 338 1062 et
362 1031 460 1062 etiam
492 1027 680 1069 liberamus„
714 1030 850 1072 ipsaque
880 1024 1008 1058 Clerinn
1032 1029 1061 1059 et
1084 1024 1249 1070 populum.
1281 1035 1319 1057 ac
1342 1023 1522 1058 Cenobium
1544 1029 1574 1058 et
1599 1024 1770 1059 Ecclesias
1793 1025 2002 1070 parochiales

153 1102 225 1124 cum
256 1090 381 1124 eisdem
411 1089 535 1123 iuribus
566 1092 595 1121 et
627 1090 832 1133 pertinentiis
866 1086 972 1120 eidem
1004 1085 1159 1120 Ecclesie
1190 1085 1446 1119 Lucbomuslen.
1487 1097 1545 1132 pro
1579 1086 1704 1120 diocesi
1744 1089 1774 1120 in
1813 1091 2006 1132 perpetuum

153 1154 374 1196 assignamus,
407 1153 670 1195 incorporamus.
701 1152 733 1181 et
763 1150 901 1181 iniimus.
933 1147 969 1180 Et
1001 1147 1192 1181 eorumdem
1216 1146 1373 1193 Episcopi
1394 1151 1426 1180 ot
1447 1146 1598 1180 Ecclesie
1620 1146 1874 1181 laicbomuslen.
1907 1151 2007 1181 iuris-

153 1213 299 1246 dietioni.
338 1210 547 1245 subiectioni.
585 1209 741 1251 dominio.
781 1212 812 1241 et
851 1211 1004 1253 potestati
1045 1209 1274 1241 summittimus
1310 1207 1532 1241 decernentes
1563 1208 1693 1241 Clermn
1724 1212 1755 1241 et
1785 1208 1938 1254 populum
1970 1220 2007 1241 ae

153 1272 333 1307 Cenobium
372 1276 402 1305 et
441 1270 604 1304 ecelesias
643 1268 870 1315 parrochiales
909 1268 1059 1314 predicta
1099 1279 1172 1302 euin
1210 1268 1334 1302 eisdem
1375 1268 1499 1302 iuribus
1541 1272 1570 1301 et
1615 1271 1824 1314 pertinentiis
1862 1268 2007 1314 prietatis

154 1333 320 1379 Episcopo
356 1337 386 1366 et
427 1331 578 1365 Ecclesie
609 1329 863 1364 Lucbomuslen.
903 1334 1063 1375 perpetuo
1101 1328 1242 1363 subesse
1278 1333 1309 1362 et
1348 1329 1522 1363 subiacere
1567 1328 1690 1362 debere
1733 1329 2006 1375 quemadmodinn

153 1394 310 1441 predictis
342 1392 510 1438 Episcopo
540 1396 570 1424 et
600 1390 755 1424 Ecclesie
776 1389 972 1424 Olomucen.
1003 1394 1081 1424 ante
1110 1389 1308 1424 divisionem
1338 1395 1369 1424 et
1399 1392 1646 1436 separationem
1677 1401 1716 1423 ae
1745 1393 2009 1433 assignationem

154 1454 338 1488 huiusmodi
369 1452 527 1487 suberant
558 1456 587 1485 et
618 1454 713 1485 etiam
744 1450 972 1493 subiaccbanb
1003 1462 1041 1484 ac
1070 1453 1195 1484 irritum
1225 1456 1254 1484 ct
1286 1454 1383 1484 inane
1412 1453 1438 1484 si
1469 1462 1568 1485 secus
1598 1462 1697 1497 super
1723 1450 1783 1484 biis
1805 1462 1822 1485 a
1843 1461 2006 1496 quoquam

153 1518 270 1562 quavis
308 1516 503 1548 auctoritate
537 1515 683 1547 scienter
718 1512 772 1546 vel
811 1514 1005 1556 ignoranter
1035 1513 1233 1556 contingerit
1273 1514 1470 1557 attemptari.
1528 1511 1680 1545 'l'enores
1710 1516 1817 1545 autem
1847 1512 2005 1546 dictarum

153 1577 333 1610 litterarum
370 1573 561 1608 eorumdem
598 1573 834 1619 Episcoporum
872 1577 905 1606 et.
940 1572 1164 1617 Capitulorum
1204 1572 1399 1606 Olomuccn.
1439 1577 1469 1605 et
1504 1571 1758 1607 Luebomuslen.
1803 1572 1884 1606 tales
1921 1577 2006 1607 sunt.

155 1635 373 1670 Sanctissiino
403 1638 433 1668 in
465 1634 595 1668 Christo
626 1634 712 1667 Patri
743 1645 782 1666 ac
805 1633 945 1666 Domino
968 1633 1109 1667 Domino
1139 1633 1297 1667 Clementi
1328 1633 1426 1678 digna
1458 1633 1518 1667 Dei
1549 1633 1759 1679 providentia
1789 1638 2007 1667 sacrosancte

155 1698 306 1732 Romane
335 1708 373 1730 ac
403 1695 612 1730 Universalis
640 1694 796 1728 Ecclesie
825 1705 952 1727 summo
984 1693 1131 1728 Pontifici
1163 1722 1170 1728 .
1200 1694 1371 1728 Jobannes
1390 1694 1592 1740 Episcopus,
1623 1693 1808 1740 Scyborius
1839 1693 2006 1731 Decanus.

154 1757 326 1791 johannes
362 1759 561 1803 prepositus
603 1755 704 1789 Witto
741 1753 1008 1788 Areliidiaconus
1044 1759 1076 1788 et
1114 1754 1296 1801 Capitulum
1327 1755 1484 1789 Ecclesie
1514 1754 1709 1788 Olomucen.
1746 1755 1864 1800 pedum
1894 1754 2007 1788 oscula

155 1818 338 1853 beatorum.
398 1816 526 1850 Dudum
556 1818 717 1850 sanctitas
754 1819 866 1849 vestra
897 1814 1038 1860 Pragen.
1071 1815 1257 1850 Ecclesiam
1288 1819 1318 1849 in
1349 1815 1681 1861 Archiepiscopalem
1712 1819 1744 1848 et
1771 1813 2007 1849 Monasterium

158 1878 413 1913 Luebomusleu.
444 1877 688 1911 Canonicorum
720 1876 921 1920 regularium
951 1876 1075 1910 ordinis
1103 1876 1383 1910 Premonstraten.
1407 1879 1436 1909 in
1459 1875 1690 1910 Catbedralem
1720 1875 1908 1909 Ecclesiam
1938 1878 2010 1909 eri-

157 1940 268 1985 gendo
298 1939 451 1985 providit.
488 1940 602 1972 statuit
641 1941 672 1970 et
701 1937 853 1971 decrevit
880 1935 1036 1971 Ecclesie
1065 1942 1097 1971 et
1124 1937 1339 1983 Episcopatui
1370 1945 1428 1982 pro
1450 1936 1585 1970 Diocesi
1614 1936 1867 1970 Lucbomuslen.
1899 1940 2009 1970 certas

159 2011 322 2047 personas
360 2000 446 2033 Cleri
486 2004 516 2032 et
553 1998 780 2032 Ecclesiarum
817 1998 889 2043 plus
926 1997 1033 2032 eidem
1073 1999 1220 2032 ecclesie
1258 1997 1475 2032 adiacentium
1511 1997 1551 2030 de
1582 1997 1723 2042 Pragen.
1754 2001 1786 2029 et
1814 1996 2008 2030 Olomucen.

158 2061 243 2095 dioc.
275 2059 481 2107 deputandas
518 2059 558 2093 de
596 2058 712 2104 quibus
748 2058 955 2093 reverendus
986 2063 1080 2105 pater
1109 2058 1259 2092 dominus
1289 2059 1457 2092 Arnestus
1489 2057 1777 2104 Arcbiepiscopus
1807 2056 1947 2102 pragen.
1981 2062 2010 2091 et

159 2122 344 2167 Capitulum
374 2120 527 2154 Ecclesie
557 2130 617 2153 sue
656 2131 694 2152 ac
732 2118 805 2164 Ego
835 2123 868 2152 et
896 2118 1080 2165 Capitulum
1111 2119 1265 2153 Ecclesie
1298 2129 1372 2152 mee
1410 2130 1484 2153 cum
1520 2117 1703 2153 venerabili
1741 2122 1836 2163 patre
1878 2118 2010 2152 domino

159 2181 313 2216 Johanne
342 2181 510 2227 Episcopo
539 2184 571 2214 et
599 2179 750 2225 Capitulo
781 2178 1034 2213 Lucbomnslen.
1067 2179 1226 2214 hactenus
1262 2182 1471 2225 nequivimus
1502 2178 1720 2213 concordare.
1778 2177 1872 2212 Nunc
1902 2183 2008 2213 autem

161 2245 406 2277 interveniente
436 2241 659 2275 Serenissimo
697 2243 846 2287 principe
885 2244 915 2273 et
954 2240 1086 2274 domino
1124 2241 1255 2274 domino
1284 2239 1408 2274 Karolo
1437 2240 1662 2274 Romanorum
1691 2243 1723 2272 et
1753 2239 1887 2273 Boemie
1916 2239 2011 2284 Rege

162 2302 350 2338 concordes
379 2302 489 2337 effecti
518 2304 681 2337 sanctitati
711 2306 824 2335 vestre
856 2312 918 2334 una
948 2312 1021 2335 cum
1051 2301 1207 2346 predictis
1245 2300 1384 2334 dominis
1417 2300 1683 2346 Archiepiscopo
1714 2304 1744 2333 et
1772 2299 1941 2345 Episcopo
1972 2311 2010 2332 ar

162 2363 313 2410 Capitulo
343 2366 504 2397 instanter
529 2368 558 2396 et
588 2361 751 2395 humiliter
780 2362 1015 2409 supplicamus,
1046 2365 1206 2406 quatenus
1236 2361 1321 2394 dicte
1351 2360 1506 2394 Ecclesie
1526 2359 1779 2394 Luchomuslen.
1806 2370 1865 2406 pro
1887 2360 2010 2393 diocesi

163 2424 382 2470 subscriptum
413 2422 542 2456 Clerum
582 2427 612 2456 et
649 2422 801 2468 populum
833 2422 1013 2456 Cenobium
1051 2426 1082 2455 et
1117 2421 1265 2466 Triginta
1303 2421 1512 2468 parochiales
1548 2420 1712 2454 ecclesias
1743 2431 1814 2454 cum
1845 2422 2013 2454 universis

163 2496 276 2518 eorum
307 2483 431 2518 iuribus
471 2488 501 2517 et
531 2486 738 2528 pertinentiis
776 2485 806 2516 in
841 2482 968 2517 duobus
1007 2481 1202 2528 subscriptis
1231 2481 1456 2516 Decanatihus
1486 2480 1788 2515 Archidiaconatus
1817 2479 2012 2514 olomucen.

164 2555 237 2578 mee
267 2544 460 2578 Olomucen.
493 2544 577 2577 dioc.
608 2546 803 2577 constitutas
831 2545 968 2577 situatas
998 2547 1029 2577 et
1057 2545 1136 2577 sitas
1169 2542 1307 2577 limitare
1336 2546 1367 2576 et
1386 2544 1603 2588 incorporare
1624 2544 1654 2575 in
1676 2545 1868 2588 perpetuum
1890 2541 2014 2586 digne-
