<?xml version="1.0" encoding="UTF-8"?>
<!DOCTYPE html PUBLIC "-//W3C//DTD XHTML 1.0 Transitional//EN"
    "http://www.w3.org/TR/xhtml1/DTD/xhtml1-transitional.dtd">
<html xmlns="http://www.w3.org/1999/xhtml" xml:lang="en" lang="en">
 <head>
  <title>
</title>
<meta http-equiv="Content-Type" content="text/html;charset=utf-8" />
  <meta name='ocr-system' content='tesseract 3.04.00' />
  <meta name='ocr-capabilities' content='ocr_page ocr_carea ocr_par ocr_line ocrx_word'/>
</head>
<body>
  <div class='ocr_page' id='page_1' title='image "./codexdiplomaticu08morauoft_0256.png"; bbox 0 0 2206 2735; ppageno 0'>
   <div class='ocr_carea' id='block_1_1' title="bbox 149 36 2013 1645">
    <p class='ocr_par' dir='ltr' id='par_1_1' title="bbox 1041 36 1115 70">
     <span class='ocr_line' id='line_1_1' title="bbox 1041 36 1115 70; baseline -0.014 0"><span class='ocrx_word' id='word_1_1' title='bbox 1041 36 1115 70; x_wconf 66' lang='lat'>‘2:²15</span> 
     </span>
    </p>

    <p class='ocr_par' dir='ltr' id='par_1_2' title="bbox 149 148 2012 1292">
     <span class='ocr_line' id='line_1_2' title="bbox 150 148 2010 195; baseline -0.003 -7"><span class='ocrx_word' id='word_1_2' title='bbox 150 155 303 188; x_wconf 85' lang='lat' dir='ltr'>babebat.</span> <span class='ocrx_word' id='word_1_3' title='bbox 337 153 372 186; x_wconf 77' lang='lat' dir='ltr'>Et</span> <span class='ocrx_word' id='word_1_4' title='bbox 404 164 444 185; x_wconf 79' lang='lat' dir='ltr'>ne</span> <span class='ocrx_word' id='word_1_5' title='bbox 474 152 514 184; x_wconf 81' lang='lat' dir='ltr'>ob</span> <span class='ocrx_word' id='word_1_6' title='bbox 551 152 610 184; x_wconf 81' lang='lat' dir='ltr'>boc</span> <span class='ocrx_word' id='word_1_7' title='bbox 649 153 721 184; x_wconf 85' lang='lat' dir='ltr'>eius</span> <span class='ocrx_word' id='word_1_8' title='bbox 759 153 868 184; x_wconf 77' lang='lat' dir='ltr'>:tunna</span> <span class='ocrx_word' id='word_1_9' title='bbox 904 150 1019 184; x_wconf 83' lang='lat' dir='ltr'>salutis</span> <span class='ocrx_word' id='word_1_10' title='bbox 1057 160 1116 182; x_wconf 87' lang='lat' dir='ltr'>sue</span> <span class='ocrx_word' id='word_1_11' title='bbox 1153 148 1360 195; x_wconf 71' lang='lat' dir='ltr'>dispendium</span> <span class='ocrx_word' id='word_1_12' title='bbox 1401 152 1580 194; x_wconf 86' lang='lat' dir='ltr'>pateretur.</span> <span class='ocrx_word' id='word_1_13' title='bbox 1620 151 1827 182; x_wconf 78' lang='lat' dir='ltr'>renum-iuuit</span> <span class='ocrx_word' id='word_1_14' title='bbox 1869 149 2010 182; x_wconf 82' lang='lat' dir='ltr'>totaliter</span> 
     </span>
     <span class='ocr_line' id='line_1_3' title="bbox 149 209 2007 261; baseline -0.004 -12"><span class='ocrx_word' id='word_1_15' title='bbox 149 219 311 261; x_wconf 80' lang='lat' dir='ltr'>questioni</span> <span class='ocrx_word' id='word_1_16' title='bbox 343 212 490 258; x_wconf 81' lang='lat' dir='ltr'>predicte</span> <span class='ocrx_word' id='word_1_17' title='bbox 520 213 637 245; x_wconf 83' lang='lat' dir='ltr'>nolens</span> <span class='ocrx_word' id='word_1_18' title='bbox 667 222 821 257; x_wconf 89' lang='lat' dir='ltr'>vmquam</span> <span class='ocrx_word' id='word_1_19' title='bbox 853 216 1004 256; x_wconf 84' lang='lat' dir='ltr'>tempore</span> <span class='ocrx_word' id='word_1_20' title='bbox 1042 210 1151 254; x_wconf 89' lang='lat' dir='ltr'>aliquo</span> <span class='ocrx_word' id='word_1_21' title='bbox 1189 210 1285 243; x_wconf 87' lang='lat' dir='ltr'>buius</span> <span class='ocrx_word' id='word_1_22' title='bbox 1323 209 1508 255; x_wconf 79' lang='lat' dir='ltr'>questionis</span> <span class='ocrx_word' id='word_1_23' title='bbox 1545 212 1716 243; x_wconf 86' lang='lat' dir='ltr'>materiam</span> <span class='ocrx_word' id='word_1_24' title='bbox 1755 220 1918 243; x_wconf 87' lang='lat' dir='ltr'>reuocare</span> <span class='ocrx_word' id='word_1_25' title='bbox 1949 210 2007 243; x_wconf 79' lang='lat' dir='ltr'>sed</span> 
     </span>
     <span class='ocr_line' id='line_1_4' title="bbox 150 269 1985 322; baseline -0.004 -13"><span class='ocrx_word' id='word_1_26' title='bbox 150 288 264 322; x_wconf 73' lang='lat' dir='ltr'>pocius</span> <span class='ocrx_word' id='word_1_27' title='bbox 303 274 469 307; x_wconf 74' lang='lat' dir='ltr'>adherere</span> <span class='ocrx_word' id='word_1_28' title='bbox 507 284 626 306; x_wconf 80' lang='lat' dir='ltr'>votens</span> <span class='ocrx_word' id='word_1_29' title='bbox 664 272 803 305; x_wconf 78' lang='lat' dir='ltr'>fideliter</span> <span class='ocrx_word' id='word_1_30' title='bbox 842 277 871 304; x_wconf 85' lang='lat' dir='ltr'>et</span> <span class='ocrx_word' id='word_1_31' title='bbox 910 275 1105 304; x_wconf 72' lang='lat' dir='ltr'>constanter</span> <span class='ocrx_word' id='word_1_32' title='bbox 1143 271 1239 304; x_wconf 81' lang='lat' dir='ltr'>dictis</span> <span class='ocrx_word' id='word_1_33' title='bbox 1270 269 1455 303; x_wconf 82' lang='lat' dir='ltr'>Abbatisse</span> <span class='ocrx_word' id='word_1_34' title='bbox 1483 274 1515 304; x_wconf 88' lang='lat' dir='ltr'>et</span> <span class='ocrx_word' id='word_1_35' title='bbox 1543 271 1728 304; x_wconf 71' lang='lat' dir='ltr'>Cornu-ntui</span> <span class='ocrx_word' id='word_1_36' title='bbox 1759 275 1874 303; x_wconf 88' lang='lat' dir='ltr'>contra</span> <span class='ocrx_word' id='word_1_37' title='bbox 1905 281 1985 315; x_wconf 78' lang='lat' dir='ltr'>quas</span> 
     </span>
     <span class='ocr_line' id='line_1_5' title="bbox 150 330 2012 381; baseline -0.003 -12"><span class='ocrx_word' id='word_1_38' title='bbox 150 346 279 381; x_wconf 79' lang='lat' dir='ltr'>cunque</span> <span class='ocrx_word' id='word_1_39' title='bbox 317 335 398 368; x_wconf 80' lang='lat' dir='ltr'>alias</span> <span class='ocrx_word' id='word_1_40' title='bbox 438 344 600 379; x_wconf 69' lang='lat' dir='ltr'>personas</span> <span class='ocrx_word' id='word_1_41' title='bbox 630 344 716 366; x_wconf 83' lang='lat' dir='ltr'>nunc</span> <span class='ocrx_word' id='word_1_42' title='bbox 746 337 919 366; x_wconf 86' lang='lat' dir='ltr'>mouentes</span> <span class='ocrx_word' id='word_1_43' title='bbox 951 336 1004 365; x_wconf 89' lang='lat' dir='ltr'>aut</span> <span class='ocrx_word' id='word_1_44' title='bbox 1039 334 1157 377; x_wconf 81' lang='lat' dir='ltr'>quouis</span> <span class='ocrx_word' id='word_1_45' title='bbox 1197 336 1346 376; x_wconf 84' lang='lat' dir='ltr'>tempore</span> <span class='ocrx_word' id='word_1_46' title='bbox 1386 330 1510 364; x_wconf 84' lang='lat' dir='ltr'>eisdem</span> <span class='ocrx_word' id='word_1_47' title='bbox 1547 342 1682 365; x_wconf 88' lang='lat' dir='ltr'>mouere</span> <span class='ocrx_word' id='word_1_48' title='bbox 1721 331 1874 376; x_wconf 75' lang='lat' dir='ltr'>volentes</span> <span class='ocrx_word' id='word_1_49' title='bbox 1913 342 2012 375; x_wconf 84' lang='lat' dir='ltr'>super</span> 
     </span>
     <span class='ocr_line' id='line_1_6' title="bbox 150 390 2010 440; baseline -0.003 -11"><span class='ocrx_word' id='word_1_50' title='bbox 150 399 237 429; x_wconf 78' lang='lat' dir='ltr'>dictu</span> <span class='ocrx_word' id='word_1_51' title='bbox 265 395 544 440; x_wconf 71' lang='lat' dir='ltr'>,lm-epatronatus</span> <span class='ocrx_word' id='word_1_52' title='bbox 574 397 605 427; x_wconf 91' lang='lat' dir='ltr'>in</span> <span class='ocrx_word' id='word_1_53' title='bbox 636 398 732 427; x_wconf 85' lang='lat' dir='ltr'>antea</span> <span class='ocrx_word' id='word_1_54' title='bbox 762 395 972 438; x_wconf 73' lang='lat' dir='ltr'>questionem</span> <span class='ocrx_word' id='word_1_55' title='bbox 1002 397 1035 425; x_wconf 88' lang='lat' dir='ltr'>et</span> <span class='ocrx_word' id='word_1_56' title='bbox 1063 391 1169 436; x_wconf 85' lang='lat' dir='ltr'>siquid</span> <span class='ocrx_word' id='word_1_57' title='bbox 1201 391 1239 425; x_wconf 89' lang='lat' dir='ltr'>ad</span> <span class='ocrx_word' id='word_1_58' title='bbox 1270 394 1373 436; x_wconf 86' lang='lat' dir='ltr'>ipsam</span> <span class='ocrx_word' id='word_1_59' title='bbox 1403 390 1443 423; x_wconf 89' lang='lat' dir='ltr'>de</span> <span class='ocrx_word' id='word_1_60' title='bbox 1473 390 1590 424; x_wconf 84' lang='lat' dir='ltr'>eodeni</span> <span class='ocrx_word' id='word_1_61' title='bbox 1619 391 1897 437; x_wconf 74' lang='lat' dir='ltr'>Jurcpau-onatus</span> <span class='ocrx_word' id='word_1_62' title='bbox 1927 402 2010 436; x_wconf 88' lang='lat' dir='ltr'>pei·-</span> 
     </span>
     <span class='ocr_line' id='line_1_7' title="bbox 156 451 2010 501; baseline -0.003 -11"><span class='ocrx_word' id='word_1_63' title='bbox 156 460 308 490; x_wconf 83' lang='lat' dir='ltr'>tiuuisset</span> <span class='ocrx_word' id='word_1_64' title='bbox 338 458 391 489; x_wconf 68' lang='lat' dir='ltr'>vei</span> <span class='ocrx_word' id='word_1_65' title='bbox 423 459 528 489; x_wconf 82' lang='lat' dir='ltr'>eciam</span> <span class='ocrx_word' id='word_1_66' title='bbox 560 458 753 501; x_wconf 76' lang='lat' dir='ltr'>pertineret.</span> <span class='ocrx_word' id='word_1_67' title='bbox 786 454 814 487; x_wconf 87' lang='lat' dir='ltr'>id</span> <span class='ocrx_word' id='word_1_68' title='bbox 846 456 917 499; x_wconf 83' lang='lat' dir='ltr'>ipsa</span> <span class='ocrx_word' id='word_1_69' title='bbox 947 453 1043 498; x_wconf 90' lang='lat' dir='ltr'>plene</span> <span class='ocrx_word' id='word_1_70' title='bbox 1073 456 1102 486; x_wconf 93' lang='lat' dir='ltr'>in</span> <span class='ocrx_word' id='word_1_71' title='bbox 1133 452 1271 486; x_wconf 84' lang='lat' dir='ltr'>easdem</span> <span class='ocrx_word' id='word_1_72' title='bbox 1301 451 1516 485; x_wconf 81' lang='lat' dir='ltr'>Abbatissani</span> <span class='ocrx_word' id='word_1_73' title='bbox 1546 456 1576 484; x_wconf 94' lang='lat' dir='ltr'>et</span> <span class='ocrx_word' id='word_1_74' title='bbox 1606 451 1813 486; x_wconf 81' lang='lat' dir='ltr'>Gonuentuin</span> <span class='ocrx_word' id='word_1_75' title='bbox 1846 453 2010 485; x_wconf 77' lang='lat' dir='ltr'>transtulit</span> 
     </span>
     <span class='ocr_line' id='line_1_8' title="bbox 149 512 2008 563; baseline -0.003 -13"><span class='ocrx_word' id='word_1_76' title='bbox 149 522 390 563; x_wconf 72' lang='lat' dir='ltr'>iiiq›i.·i·petuinn</span> <span class='ocrx_word' id='word_1_77' title='bbox 431 516 528 550; x_wconf 84' lang='lat' dir='ltr'>nicliil</span> <span class='ocrx_word' id='word_1_78' title='bbox 565 519 595 549; x_wconf 93' lang='lat' dir='ltr'>iu</span> <span class='ocrx_word' id='word_1_79' title='bbox 635 516 696 548; x_wconf 90' lang='lat' dir='ltr'>boc</span> <span class='ocrx_word' id='word_1_80' title='bbox 734 518 814 548; x_wconf 82' lang='lat' dir='ltr'>iuris</span> <span class='ocrx_word' id='word_1_81' title='bbox 852 513 912 547; x_wconf 81' lang='lat' dir='ltr'>sibi</span> <span class='ocrx_word' id='word_1_82' title='bbox 948 513 1193 559; x_wconf 80' lang='lat' dir='ltr'>quomodolibet</span> <span class='ocrx_word' id='word_1_83' title='bbox 1232 513 1449 546; x_wconf 83' lang='lat' dir='ltr'>reseruando.</span> <span class='ocrx_word' id='word_1_84' title='bbox 1490 512 1529 545; x_wconf 80' lang='lat' dir='ltr'>Et</span> <span class='ocrx_word' id='word_1_85' title='bbox 1566 523 1607 546; x_wconf 85' lang='lat' dir='ltr'>ne</span> <span class='ocrx_word' id='word_1_86' title='bbox 1644 513 1740 547; x_wconf 83' lang='lat' dir='ltr'>dictis</span> <span class='ocrx_word' id='word_1_87' title='bbox 1772 513 1950 547; x_wconf 76' lang='lat' dir='ltr'>Abbatisse</span> <span class='ocrx_word' id='word_1_88' title='bbox 1980 518 2008 545; x_wconf 87' lang='lat' dir='ltr'>et</span> 
     </span>
     <span class='ocr_line' id='line_1_9' title="bbox 151 572 2010 623; baseline -0.003 -12"><span class='ocrx_word' id='word_1_89' title='bbox 151 580 336 612; x_wconf 80' lang='lat' dir='ltr'>t&#39;onucntui</span> <span class='ocrx_word' id='word_1_90' title='bbox 366 588 466 623; x_wconf 71' lang='lat' dir='ltr'>super</span> <span class='ocrx_word' id='word_1_91' title='bbox 497 576 581 610; x_wconf 84' lang='lat' dir='ltr'>dicto</span> <span class='ocrx_word' id='word_1_92' title='bbox 612 576 888 621; x_wconf 76' lang='lat' dir='ltr'>Jurepatriniatus</span> <span class='ocrx_word' id='word_1_93' title='bbox 919 575 1026 619; x_wconf 89' lang='lat' dir='ltr'>aliqua</span> <span class='ocrx_word' id='word_1_94' title='bbox 1056 575 1240 620; x_wconf 71' lang='lat' dir='ltr'>questionis</span> <span class='ocrx_word' id='word_1_95' title='bbox 1270 575 1408 606; x_wconf 80' lang='lat' dir='ltr'>materia</span> <span class='ocrx_word' id='word_1_96' title='bbox 1429 575 1566 609; x_wconf 72' lang='lat' dir='ltr'>oriatur.</span> <span class='ocrx_word' id='word_1_97' title='bbox 1589 572 1714 619; x_wconf 83' lang='lat' dir='ltr'>prel&#39;ata</span> <span class='ocrx_word' id='word_1_98' title='bbox 1741 573 1893 606; x_wconf 80' lang='lat' dir='ltr'>Matrona</span> <span class='ocrx_word' id='word_1_99' title='bbox 1916 572 2010 606; x_wconf 74' lang='lat' dir='ltr'>nobis</span> 
     </span>
     <span class='ocr_line' id='line_1_10' title="bbox 150 633 2009 684; baseline -0.003 -12"><span class='ocrx_word' id='word_1_100' title='bbox 150 639 314 672; x_wconf 87' lang='lat' dir='ltr'>lunuiliter</span> <span class='ocrx_word' id='word_1_101' title='bbox 343 639 553 684; x_wconf 81' lang='lat' dir='ltr'>supplicauit.</span> <span class='ocrx_word' id='word_1_102' title='bbox 584 641 616 670; x_wconf 75' lang='lat' dir='ltr'>vt</span> <span class='ocrx_word' id='word_1_103' title='bbox 647 639 678 670; x_wconf 90' lang='lat' dir='ltr'>in</span> <span class='ocrx_word' id='word_1_104' title='bbox 709 638 931 669; x_wconf 81' lang='lat' dir='ltr'>testimonium</span> <span class='ocrx_word' id='word_1_105' title='bbox 962 638 1199 681; x_wconf 85' lang='lat' dir='ltr'>premissorum</span> <span class='ocrx_word' id='word_1_106' title='bbox 1229 634 1443 678; x_wconf 76' lang='lat' dir='ltr'>dignaremur</span> <span class='ocrx_word' id='word_1_107' title='bbox 1480 633 1606 667; x_wconf 86' lang='lat' dir='ltr'>eisdem</span> <span class='ocrx_word' id='word_1_108' title='bbox 1642 633 1820 667; x_wconf 82' lang='lat' dir='ltr'>Abbatisse</span> <span class='ocrx_word' id='word_1_109' title='bbox 1857 639 1887 667; x_wconf 89' lang='lat' dir='ltr'>et</span> <span class='ocrx_word' id='word_1_110' title='bbox 1918 634 2009 666; x_wconf 69' lang='lat' dir='ltr'>Con-</span> 
     </span>
     <span class='ocr_line' id='line_1_11' title="bbox 150 693 2010 742; baseline -0.003 -10"><span class='ocrx_word' id='word_1_111' title='bbox 150 703 263 733; x_wconf 87' lang='lat' dir='ltr'>uentui</span> <span class='ocrx_word' id='word_1_112' title='bbox 293 700 404 732; x_wconf 83' lang='lat' dir='ltr'>literas</span> <span class='ocrx_word' id='word_1_113' title='bbox 434 702 567 732; x_wconf 70' lang='lat' dir='ltr'>nostras</span> <span class='ocrx_word' id='word_1_114' title='bbox 597 707 670 730; x_wconf 85' lang='lat' dir='ltr'>cum</span> <span class='ocrx_word' id='word_1_115' title='bbox 701 695 957 742; x_wconf 88' lang='lat' dir='ltr'>subscripcione</span> <span class='ocrx_word' id='word_1_116' title='bbox 986 695 1107 742; x_wconf 86' lang='lat' dir='ltr'>publici</span> <span class='ocrx_word' id='word_1_117' title='bbox 1137 693 1261 728; x_wconf 65' lang='lat' dir='ltr'>Notat-ii</span> <span class='ocrx_word' id='word_1_118' title='bbox 1292 705 1449 739; x_wconf 76' lang='lat' dir='ltr'>erogare.</span> <span class='ocrx_word' id='word_1_119' title='bbox 1471 694 1524 728; x_wconf 82' lang='lat' dir='ltr'>Ad</span> <span class='ocrx_word' id='word_1_120' title='bbox 1550 697 1644 728; x_wconf 92' lang='lat' dir='ltr'>cuius</span> <span class='ocrx_word' id='word_1_121' title='bbox 1673 697 1848 740; x_wconf 89' lang='lat' dir='ltr'>peticionis</span> <span class='ocrx_word' id='word_1_122' title='bbox 1877 697 2010 728; x_wconf 81' lang='lat' dir='ltr'>instan—</span> 
     </span>
     <span class='ocr_line' id='line_1_12' title="bbox 150 755 2009 806; baseline -0.004 -12"><span class='ocrx_word' id='word_1_123' title='bbox 150 764 235 794; x_wconf 84' lang='lat' dir='ltr'>ciain</span> <span class='ocrx_word' id='word_1_124' title='bbox 265 764 439 806; x_wconf 81' lang='lat' dir='ltr'>presentes</span> <span class='ocrx_word' id='word_1_125' title='bbox 469 760 582 792; x_wconf 77' lang='lat' dir='ltr'>literas</span> <span class='ocrx_word' id='word_1_126' title='bbox 612 768 711 803; x_wconf 87' lang='lat' dir='ltr'>super</span> <span class='ocrx_word' id='word_1_127' title='bbox 740 759 916 802; x_wconf 79' lang='lat' dir='ltr'>premissis</span> <span class='ocrx_word' id='word_1_128' title='bbox 946 756 1016 790; x_wconf 80' lang='lat' dir='ltr'>lieri</span> <span class='ocrx_word' id='word_1_129' title='bbox 1046 758 1203 790; x_wconf 85' lang='lat' dir='ltr'>iussimus</span> <span class='ocrx_word' id='word_1_130' title='bbox 1233 755 1331 799; x_wconf 81' lang='lat' dir='ltr'>sigilli</span> <span class='ocrx_word' id='word_1_131' title='bbox 1362 757 1465 789; x_wconf 84' lang='lat' dir='ltr'>nostri</span> <span class='ocrx_word' id='word_1_132' title='bbox 1494 757 1700 800; x_wconf 77' lang='lat' dir='ltr'>appensione</span> <span class='ocrx_word' id='word_1_133' title='bbox 1729 757 1884 788; x_wconf 88' lang='lat' dir='ltr'>munitas.</span> <span class='ocrx_word' id='word_1_134' title='bbox 1924 755 2009 788; x_wconf 85' lang='lat' dir='ltr'>Acta</span> 
     </span>
     <span class='ocr_line' id='line_1_13' title="bbox 152 814 2012 855; baseline -0.004 0"><span class='ocrx_word' id='word_1_135' title='bbox 152 826 228 855; x_wconf 84' lang='lat' dir='ltr'>sunt</span> <span class='ocrx_word' id='word_1_136' title='bbox 258 820 318 854; x_wconf 83' lang='lat' dir='ltr'>liec</span> <span class='ocrx_word' id='word_1_137' title='bbox 349 823 379 853; x_wconf 87' lang='lat' dir='ltr'>in</span> <span class='ocrx_word' id='word_1_138' title='bbox 410 820 528 853; x_wconf 83' lang='lat' dir='ltr'>Castro</span> <span class='ocrx_word' id='word_1_139' title='bbox 557 822 672 852; x_wconf 87' lang='lat' dir='ltr'>nostro</span> <span class='ocrx_word' id='word_1_140' title='bbox 701 816 852 851; x_wconf 87' lang='lat' dir='ltr'>Modriez</span> <span class='ocrx_word' id='word_1_141' title='bbox 900 817 1014 850; x_wconf 66' lang='lat' dir='ltr'>vltima</span> <span class='ocrx_word' id='word_1_142' title='bbox 1052 816 1106 850; x_wconf 85' lang='lat' dir='ltr'>die</span> <span class='ocrx_word' id='word_1_143' title='bbox 1141 815 1267 850; x_wconf 83' lang='lat' dir='ltr'>Mensis</span> <span class='ocrx_word' id='word_1_144' title='bbox 1310 814 1465 849; x_wconf 86' lang='lat' dir='ltr'>Octobris</span> <span class='ocrx_word' id='word_1_145' title='bbox 1503 815 1582 849; x_wconf 82' lang='lat' dir='ltr'>liora</span> <span class='ocrx_word' id='word_1_146' title='bbox 1620 819 1716 849; x_wconf 81' lang='lat' dir='ltr'>sexta</span> <span class='ocrx_word' id='word_1_147' title='bbox 1752 815 1854 848; x_wconf 86' lang='lat' dir='ltr'>Anno</span> <span class='ocrx_word' id='word_1_148' title='bbox 1891 814 2012 848; x_wconf 85' lang='lat' dir='ltr'>domini</span> 
     </span>
     <span class='ocr_line' id='line_1_14' title="bbox 151 874 2012 924; baseline -0.004 -9"><span class='ocrx_word' id='word_1_149' title='bbox 151 882 323 916; x_wconf 79' lang='lat' dir='ltr'>millesimo</span> <span class='ocrx_word' id='word_1_150' title='bbox 359 881 595 913; x_wconf 87' lang='lat' dir='ltr'>trecentesimo</span> <span class='ocrx_word' id='word_1_151' title='bbox 624 880 1025 924; x_wconf 70' lang='lat' dir='ltr'>quinquagesiiuoquarto</span> <span class='ocrx_word' id='word_1_152' title='bbox 1056 905 1062 911; x_wconf 90' lang='lat'>.</span> <span class='ocrx_word' id='word_1_153' title='bbox 1094 876 1306 923; x_wconf 86' lang='lat' dir='ltr'>presentibus</span> <span class='ocrx_word' id='word_1_154' title='bbox 1342 875 1536 910; x_wconf 86' lang='lat' dir='ltr'>Honorabili</span> <span class='ocrx_word' id='word_1_155' title='bbox 1578 878 1651 909; x_wconf 84' lang='lat' dir='ltr'>viro</span> <span class='ocrx_word' id='word_1_156' title='bbox 1693 875 1827 909; x_wconf 88' lang='lat' dir='ltr'>domino</span> <span class='ocrx_word' id='word_1_157' title='bbox 1874 874 2012 909; x_wconf 74' lang='lat' dir='ltr'>&#39;Nicolao</span> 
     </span>
     <span class='ocr_line' id='line_1_15' title="bbox 151 934 2012 989; baseline -0.004 -13"><span class='ocrx_word' id='word_1_158' title='bbox 151 945 320 989; x_wconf 87' lang='lat' dir='ltr'>preposito</span> <span class='ocrx_word' id='word_1_159' title='bbox 349 941 595 974; x_wconf 77' lang='lat' dir='ltr'>Clireinsirensi</span> <span class='ocrx_word' id='word_1_160' title='bbox 623 939 798 983; x_wconf 81' lang='lat' dir='ltr'>Religioso</span> <span class='ocrx_word' id='word_1_161' title='bbox 828 941 902 972; x_wconf 75' lang='lat' dir='ltr'>viro</span> <span class='ocrx_word' id='word_1_162' title='bbox 931 938 1034 972; x_wconf 85' lang='lat' dir='ltr'>fratre</span> <span class='ocrx_word' id='word_1_163' title='bbox 1062 937 1206 972; x_wconf 89' lang='lat' dir='ltr'>Lutbero</span> <span class='ocrx_word' id='word_1_164' title='bbox 1235 936 1376 970; x_wconf 87' lang='lat' dir='ltr'>Lectore</span> <span class='ocrx_word' id='word_1_165' title='bbox 1406 937 1533 971; x_wconf 87' lang='lat' dir='ltr'>Domus</span> <span class='ocrx_word' id='word_1_166' title='bbox 1553 938 1659 971; x_wconf 84' lang='lat' dir='ltr'>sancti</span> <span class='ocrx_word' id='word_1_167' title='bbox 1679 934 1857 971; x_wconf 82' lang='lat' dir='ltr'>Michaelis</span> <span class='ocrx_word' id='word_1_168' title='bbox 1878 935 2012 969; x_wconf 79' lang='lat' dir='ltr'>fratrum</span> 
     </span>
     <span class='ocr_line' id='line_1_16' title="bbox 154 996 2011 1042; baseline -0.004 -5"><span class='ocrx_word' id='word_1_169' title='bbox 154 1004 402 1037; x_wconf 85' lang='lat' dir='ltr'>l&#39;redicatorum</span> <span class='ocrx_word' id='word_1_170' title='bbox 439 1004 471 1035; x_wconf 93' lang='lat' dir='ltr'>in</span> <span class='ocrx_word' id='word_1_171' title='bbox 509 1000 653 1042; x_wconf 59' lang='lat' dir='ltr'>Brunnau</span> <span class='ocrx_word' id='word_1_172' title='bbox 691 999 845 1033; x_wconf 88' lang='lat' dir='ltr'>Discreto</span> <span class='ocrx_word' id='word_1_173' title='bbox 883 1001 956 1032; x_wconf 79' lang='lat' dir='ltr'>viro</span> <span class='ocrx_word' id='word_1_174' title='bbox 994 998 1093 1033; x_wconf 88' lang='lat' dir='ltr'>Petro</span> <span class='ocrx_word' id='word_1_175' title='bbox 1129 998 1300 1032; x_wconf 86' lang='lat' dir='ltr'>Canonico</span> <span class='ocrx_word' id='word_1_176' title='bbox 1339 997 1492 1032; x_wconf 83' lang='lat' dir='ltr'>Ecclesie</span> <span class='ocrx_word' id='word_1_177' title='bbox 1530 999 1635 1031; x_wconf 85' lang='lat' dir='ltr'>saneti</span> <span class='ocrx_word' id='word_1_178' title='bbox 1674 996 1761 1030; x_wconf 85' lang='lat' dir='ltr'>Petri</span> <span class='ocrx_word' id='word_1_179' title='bbox 1797 999 1828 1030; x_wconf 90' lang='lat' dir='ltr'>in</span> <span class='ocrx_word' id='word_1_180' title='bbox 1867 996 2011 1030; x_wconf 86' lang='lat' dir='ltr'>Brunna.</span> 
     </span>
     <span class='ocr_line' id='line_1_17' title="bbox 154 1056 2007 1108; baseline -0.004 -11"><span class='ocrx_word' id='word_1_181' title='bbox 154 1064 299 1098; x_wconf 80' lang='lat' dir='ltr'>Rectore</span> <span class='ocrx_word' id='word_1_182' title='bbox 337 1061 557 1108; x_wconf 84' lang='lat' dir='ltr'>parrochialis</span> <span class='ocrx_word' id='word_1_183' title='bbox 592 1060 746 1094; x_wconf 84' lang='lat' dir='ltr'>Ecclesie</span> <span class='ocrx_word' id='word_1_184' title='bbox 783 1063 814 1093; x_wconf 89' lang='lat' dir='ltr'>in</span> <span class='ocrx_word' id='word_1_185' title='bbox 852 1059 1023 1094; x_wconf 84' lang='lat' dir='ltr'>Braslaws</span> <span class='ocrx_word' id='word_1_186' title='bbox 1059 1064 1091 1093; x_wconf 86' lang='lat' dir='ltr'>et</span> <span class='ocrx_word' id='word_1_187' title='bbox 1122 1060 1273 1093; x_wconf 86' lang='lat' dir='ltr'>Strenuis</span> <span class='ocrx_word' id='word_1_188' title='bbox 1303 1061 1384 1092; x_wconf 86' lang='lat' dir='ltr'>viris</span> <span class='ocrx_word' id='word_1_189' title='bbox 1413 1058 1553 1092; x_wconf 89' lang='lat' dir='ltr'>dominis</span> <span class='ocrx_word' id='word_1_190' title='bbox 1590 1057 1748 1092; x_wconf 77' lang='lat' dir='ltr'>nemi-ico</span> <span class='ocrx_word' id='word_1_191' title='bbox 1778 1058 1818 1091; x_wconf 88' lang='lat' dir='ltr'>de</span> <span class='ocrx_word' id='word_1_192' title='bbox 1849 1056 2007 1099; x_wconf 60' lang='lat' dir='ltr'>Fridlant,</span> 
     </span>
     <span class='ocr_line' id='line_1_18' title="bbox 154 1117 2010 1161; baseline -0.004 -3"><span class='ocrx_word' id='word_1_193' title='bbox 154 1124 406 1158; x_wconf 63' lang='lat' dir='ltr'>xx‘enczuselno</span> <span class='ocrx_word' id='word_1_194' title='bbox 438 1123 478 1155; x_wconf 91' lang='lat' dir='ltr'>de</span> <span class='ocrx_word' id='word_1_195' title='bbox 509 1122 644 1156; x_wconf 82' lang='lat' dir='ltr'>Boi-ow.</span> <span class='ocrx_word' id='word_1_196' title='bbox 673 1120 854 1155; x_wconf 68' lang='lat' dir='ltr'>,lai-osebio</span> <span class='ocrx_word' id='word_1_197' title='bbox 885 1120 925 1155; x_wconf 87' lang='lat' dir='ltr'>de</span> <span class='ocrx_word' id='word_1_198' title='bbox 954 1119 1178 1161; x_wconf 72' lang='lat' dir='ltr'>Laczembok,</span> <span class='ocrx_word' id='word_1_199' title='bbox 1209 1120 1436 1154; x_wconf 83' lang='lat' dir='ltr'>Swatoworio</span> <span class='ocrx_word' id='word_1_200' title='bbox 1466 1119 1505 1152; x_wconf 90' lang='lat' dir='ltr'>de</span> <span class='ocrx_word' id='word_1_201' title='bbox 1534 1117 1740 1154; x_wconf 72' lang='lat' dir='ltr'>Zaworsicz.</span> <span class='ocrx_word' id='word_1_202' title='bbox 1772 1117 1943 1154; x_wconf 64' lang='lat' dir='ltr'>Militibus„</span> <span class='ocrx_word' id='word_1_203' title='bbox 1981 1123 2010 1151; x_wconf 87' lang='lat' dir='ltr'>et</span> 
     </span>
     <span class='ocr_line' id='line_1_19' title="bbox 155 1178 2010 1226; baseline -0.004 -7"><span class='ocrx_word' id='word_1_204' title='bbox 155 1186 292 1219; x_wconf 58' lang='lat' dir='ltr'>Nicolao</span> <span class='ocrx_word' id='word_1_205' title='bbox 322 1182 364 1219; x_wconf 86' lang='lat' dir='ltr'>de</span> <span class='ocrx_word' id='word_1_206' title='bbox 395 1183 532 1217; x_wconf 81' lang='lat' dir='ltr'>Sclienk</span> <span class='ocrx_word' id='word_1_207' title='bbox 562 1183 690 1216; x_wconf 78' lang='lat' dir='ltr'>Cliente</span> <span class='ocrx_word' id='word_1_208' title='bbox 720 1182 859 1216; x_wconf 85' lang='lat' dir='ltr'>vasallis</span> <span class='ocrx_word' id='word_1_209' title='bbox 889 1186 922 1215; x_wconf 89' lang='lat' dir='ltr'>et</span> <span class='ocrx_word' id='word_1_210' title='bbox 950 1180 1166 1215; x_wconf 82' lang='lat' dir='ltr'>familiaribus</span> <span class='ocrx_word' id='word_1_211' title='bbox 1196 1183 1320 1214; x_wconf 88' lang='lat' dir='ltr'>uostris</span> <span class='ocrx_word' id='word_1_212' title='bbox 1350 1185 1382 1214; x_wconf 86' lang='lat' dir='ltr'>et</span> <span class='ocrx_word' id='word_1_213' title='bbox 1409 1179 1556 1226; x_wconf 88' lang='lat' dir='ltr'>pluribus</span> <span class='ocrx_word' id='word_1_214' title='bbox 1585 1180 1656 1213; x_wconf 84' lang='lat' dir='ltr'>aliis</span> <span class='ocrx_word' id='word_1_215' title='bbox 1677 1179 1851 1224; x_wconf 81' lang='lat' dir='ltr'>fidedignis</span> <span class='ocrx_word' id='word_1_216' title='bbox 1873 1178 2010 1213; x_wconf 81' lang='lat' dir='ltr'>testibus</span> 
     </span>
     <span class='ocr_line' id='line_1_20' title="bbox 155 1242 995 1292; baseline -0.005 -13"><span class='ocrx_word' id='word_1_217' title='bbox 155 1247 192 1280; x_wconf 84' lang='lat' dir='ltr'>ad</span> <span class='ocrx_word' id='word_1_218' title='bbox 225 1248 387 1292; x_wconf 72' lang='lat' dir='ltr'>premissa</span> <span class='ocrx_word' id='word_1_219' title='bbox 417 1246 546 1277; x_wconf 79' lang='lat' dir='ltr'>vocatis</span> <span class='ocrx_word' id='word_1_220' title='bbox 576 1242 766 1288; x_wconf 83' lang='lat' dir='ltr'>specialiter</span> <span class='ocrx_word' id='word_1_221' title='bbox 795 1246 828 1275; x_wconf 54' lang='lat' dir='ltr'>et¹</span> <span class='ocrx_word' id='word_1_222' title='bbox 857 1244 995 1287; x_wconf 84' lang='lat' dir='ltr'>rogatis.</span> 
     </span>
    </p>

    <p class='ocr_par' dir='ltr' id='par_1_3' title="bbox 155 1300 2013 1645">
     <span class='ocr_line' id='line_1_21' title="bbox 311 1300 2012 1349; baseline -0.004 -11"><span class='ocrx_word' id='word_1_223' title='bbox 311 1304 349 1338; x_wconf 81' lang='lat' dir='ltr'>Et</span> <span class='ocrx_word' id='word_1_224' title='bbox 393 1316 457 1349; x_wconf 70' lang='lat' dir='ltr'>ego</span> <span class='ocrx_word' id='word_1_225' title='bbox 501 1303 652 1338; x_wconf 87' lang='lat' dir='ltr'>Briccius</span> <span class='ocrx_word' id='word_1_226' title='bbox 697 1303 862 1349; x_wconf 87' lang='lat' dir='ltr'>quondam</span> <span class='ocrx_word' id='word_1_227' title='bbox 906 1301 1075 1336; x_wconf 85' lang='lat' dir='ltr'>Bertlioldi</span> <span class='ocrx_word' id='word_1_228' title='bbox 1117 1302 1158 1335; x_wconf 89' lang='lat' dir='ltr'>de</span> <span class='ocrx_word' id='word_1_229' title='bbox 1199 1301 1374 1335; x_wconf 87' lang='lat' dir='ltr'>Ruchwan</span> <span class='ocrx_word' id='word_1_230' title='bbox 1416 1301 1558 1334; x_wconf 89' lang='lat' dir='ltr'>clericus</span> <span class='ocrx_word' id='word_1_231' title='bbox 1593 1300 1828 1334; x_wconf 88' lang='lat' dir='ltr'>Olomucensis</span> <span class='ocrx_word' id='word_1_232' title='bbox 1866 1301 2012 1333; x_wconf 76' lang='lat' dir='ltr'>diocesis</span> 
     </span>
     <span class='ocr_line' id='line_1_22' title="bbox 155 1360 2011 1414; baseline -0.004 -13"><span class='ocrx_word' id='word_1_233' title='bbox 155 1368 304 1414; x_wconf 87' lang='lat' dir='ltr'>publicus</span> <span class='ocrx_word' id='word_1_234' title='bbox 334 1369 529 1400; x_wconf 85' lang='lat' dir='ltr'>auctoritate</span> <span class='ocrx_word' id='word_1_235' title='bbox 560 1365 721 1410; x_wconf 87' lang='lat' dir='ltr'>liuperiali</span> <span class='ocrx_word' id='word_1_236' title='bbox 750 1364 908 1398; x_wconf 76' lang='lat' dir='ltr'>Notarius</span> <span class='ocrx_word' id='word_1_237' title='bbox 947 1363 1153 1397; x_wconf 87' lang='lat' dir='ltr'>confessioni</span> <span class='ocrx_word' id='word_1_238' title='bbox 1191 1365 1439 1407; x_wconf 84' lang='lat' dir='ltr'>recognitorum</span> <span class='ocrx_word' id='word_1_239' title='bbox 1477 1366 1507 1395; x_wconf 87' lang='lat' dir='ltr'>et</span> <span class='ocrx_word' id='word_1_240' title='bbox 1536 1361 1674 1406; x_wconf 80' lang='lat' dir='ltr'>singulis</span> <span class='ocrx_word' id='word_1_241' title='bbox 1710 1360 1782 1395; x_wconf 86' lang='lat' dir='ltr'>aliis</span> <span class='ocrx_word' id='word_1_242' title='bbox 1818 1363 2011 1407; x_wconf 84' lang='lat' dir='ltr'>prenotatis.</span> 
     </span>
     <span class='ocr_line' id='line_1_23' title="bbox 155 1421 2013 1473; baseline -0.005 -10"><span class='ocrx_word' id='word_1_243' title='bbox 155 1430 228 1463; x_wconf 89' lang='lat' dir='ltr'>dum</span> <span class='ocrx_word' id='word_1_244' title='bbox 259 1432 307 1462; x_wconf 87' lang='lat' dir='ltr'>sic</span> <span class='ocrx_word' id='word_1_245' title='bbox 338 1433 373 1462; x_wconf 78' lang='lat' dir='ltr'>vt</span> <span class='ocrx_word' id='word_1_246' title='bbox 402 1430 598 1473; x_wconf 87' lang='lat' dir='ltr'>premittitur</span> <span class='ocrx_word' id='word_1_247' title='bbox 628 1425 816 1471; x_wconf 81' lang='lat' dir='ltr'>agebantur</span> <span class='ocrx_word' id='word_1_248' title='bbox 845 1429 879 1458; x_wconf 87' lang='lat' dir='ltr'>et</span> <span class='ocrx_word' id='word_1_249' title='bbox 906 1424 1029 1458; x_wconf 86' lang='lat' dir='ltr'>fiebant</span> <span class='ocrx_word' id='word_1_250' title='bbox 1066 1423 1159 1458; x_wconf 89' lang='lat' dir='ltr'>simul</span> <span class='ocrx_word' id='word_1_251' title='bbox 1197 1434 1270 1457; x_wconf 83' lang='lat' dir='ltr'>cun]</span> <span class='ocrx_word' id='word_1_252' title='bbox 1309 1422 1448 1469; x_wconf 86' lang='lat' dir='ltr'>prefatis</span> <span class='ocrx_word' id='word_1_253' title='bbox 1477 1421 1619 1456; x_wconf 87' lang='lat' dir='ltr'>testibus</span> <span class='ocrx_word' id='word_1_254' title='bbox 1648 1432 1787 1467; x_wconf 87' lang='lat' dir='ltr'>presens</span> <span class='ocrx_word' id='word_1_255' title='bbox 1819 1421 1952 1455; x_wconf 80' lang='lat' dir='ltr'>interlui</span> <span class='ocrx_word' id='word_1_256' title='bbox 1981 1426 2013 1455; x_wconf 83' lang='lat' dir='ltr'>et</span> 
     </span>
     <span class='ocr_line' id='line_1_24' title="bbox 156 1481 2012 1535; baseline -0.006 -10"><span class='ocrx_word' id='word_1_257' title='bbox 156 1491 194 1525; x_wconf 83' lang='lat' dir='ltr'>ad</span> <span class='ocrx_word' id='word_1_258' title='bbox 226 1490 343 1535; x_wconf 81' lang='lat' dir='ltr'>prelati</span> <span class='ocrx_word' id='word_1_259' title='bbox 372 1488 564 1522; x_wconf 85' lang='lat' dir='ltr'>Reuerendi</span> <span class='ocrx_word' id='word_1_260' title='bbox 594 1490 626 1521; x_wconf 89' lang='lat' dir='ltr'>in</span> <span class='ocrx_word' id='word_1_261' title='bbox 656 1486 787 1520; x_wconf 71' lang='lat' dir='ltr'>Christo</span> <span class='ocrx_word' id='word_1_262' title='bbox 817 1489 920 1532; x_wconf 79' lang='lat' dir='ltr'>patris</span> <span class='ocrx_word' id='word_1_263' title='bbox 949 1490 981 1519; x_wconf 91' lang='lat' dir='ltr'>et</span> <span class='ocrx_word' id='word_1_264' title='bbox 1010 1485 1131 1518; x_wconf 89' lang='lat' dir='ltr'>domini</span> <span class='ocrx_word' id='word_1_265' title='bbox 1155 1487 1219 1518; x_wconf 84' lang='lat' dir='ltr'>mei</span> <span class='ocrx_word' id='word_1_266' title='bbox 1240 1484 1360 1518; x_wconf 87' lang='lat' dir='ltr'>domini</span> <span class='ocrx_word' id='word_1_267' title='bbox 1382 1482 1538 1528; x_wconf 83' lang='lat' dir='ltr'>Episcopi</span> <span class='ocrx_word' id='word_1_268' title='bbox 1560 1482 1790 1516; x_wconf 83' lang='lat' dir='ltr'>Olomucensis</span> <span class='ocrx_word' id='word_1_269' title='bbox 1813 1481 2012 1515; x_wconf 81' lang='lat' dir='ltr'>etMatroue</span> 
     </span>
     <span class='ocr_line' id='line_1_25' title="bbox 157 1543 2011 1597; baseline -0.005 -13"><span class='ocrx_word' id='word_1_270' title='bbox 157 1552 306 1597; x_wconf 85' lang='lat' dir='ltr'>predicte</span> <span class='ocrx_word' id='word_1_271' title='bbox 336 1553 593 1595; x_wconf 86' lang='lat' dir='ltr'>requisicionem</span> <span class='ocrx_word' id='word_1_272' title='bbox 622 1559 675 1582; x_wconf 86' lang='lat' dir='ltr'>ine</span> <span class='ocrx_word' id='word_1_273' title='bbox 704 1550 734 1581; x_wconf 91' lang='lat' dir='ltr'>in</span> <span class='ocrx_word' id='word_1_274' title='bbox 764 1546 978 1593; x_wconf 87' lang='lat' dir='ltr'>presentibus</span> <span class='ocrx_word' id='word_1_275' title='bbox 1007 1546 1108 1580; x_wconf 87' lang='lat' dir='ltr'>literis</span> <span class='ocrx_word' id='word_1_276' title='bbox 1131 1544 1315 1591; x_wconf 86' lang='lat' dir='ltr'>subscripsi</span> <span class='ocrx_word' id='word_1_277' title='bbox 1344 1547 1541 1589; x_wconf 81' lang='lat' dir='ltr'>signumque</span> <span class='ocrx_word' id='word_1_278' title='bbox 1576 1554 1682 1576; x_wconf 89' lang='lat' dir='ltr'>meum</span> <span class='ocrx_word' id='word_1_279' title='bbox 1713 1547 1853 1589; x_wconf 85' lang='lat' dir='ltr'>apposui</span> <span class='ocrx_word' id='word_1_280' title='bbox 1882 1543 2011 1576; x_wconf 85' lang='lat' dir='ltr'>solitum</span> 
     </span>
     <span class='ocr_line' id='line_1_26' title="bbox 158 1615 438 1645; baseline 0 -2"><span class='ocrx_word' id='word_1_281' title='bbox 158 1618 188 1644; x_wconf 87' lang='lat' dir='ltr'>et</span> <span class='ocrx_word' id='word_1_282' title='bbox 218 1615 438 1645; x_wconf 74' lang='lat' dir='ltr'>conswctuni.</span> 
     </span>
    </p>
   </div>
   <div class='ocr_carea' id='block_1_2' title="bbox 466 1681 2014 1766">
    <p class='ocr_par' dir='ltr' id='par_1_4' title="bbox 466 1681 2014 1766">
     <span class='ocr_line' id='line_1_27' title="bbox 466 1681 2014 1727; baseline -0.005 -14"><span class='ocrx_word' id='word_1_283' title='bbox 466 1688 561 1727; x_wconf 77' lang='lat' dir='ltr'>(Orig.</span> <span class='ocrx_word' id='word_1_284' title='bbox 588 1688 672 1721; x_wconf 69' lang='lat' dir='ltr'>Pei-g.</span> <span class='ocrx_word' id='word_1_285' title='bbox 697 1688 723 1713; x_wconf 86' lang='lat' dir='ltr'>h.</span> <span class='ocrx_word' id='word_1_286' title='bbox 749 1686 831 1720; x_wconf 77' lang='lat' dir='ltr'>Sigill</span> <span class='ocrx_word' id='word_1_287' title='bbox 863 1686 899 1711; x_wconf 84' lang='lat' dir='ltr'>im</span> <span class='ocrx_word' id='word_1_288' title='bbox 933 1685 1058 1712; x_wconf 79' lang='lat' dir='ltr'>Arehive</span> <span class='ocrx_word' id='word_1_289' title='bbox 1088 1686 1137 1711; x_wconf 90' lang='lat' dir='ltr'>des</span> <span class='ocrx_word' id='word_1_290' title='bbox 1162 1686 1294 1711; x_wconf 83' lang='lat' dir='ltr'>Klosters</span> <span class='ocrx_word' id='word_1_291' title='bbox 1319 1685 1411 1711; x_wconf 80' lang='lat' dir='ltr'>Maria</span> <span class='ocrx_word' id='word_1_292' title='bbox 1446 1683 1514 1709; x_wconf 59' lang='lat' dir='ltr'>Saal</span> <span class='ocrx_word' id='word_1_293' title='bbox 1538 1683 1595 1708; x_wconf 81' lang='lat' dir='ltr'>Lit.</span> <span class='ocrx_word' id='word_1_294' title='bbox 1623 1683 1653 1710; x_wconf 82' lang='lat' dir='ltr'>P.</span> <span class='ocrx_word' id='word_1_295' title='bbox 1677 1682 1726 1709; x_wconf 82' lang='lat' dir='ltr'>Nr,</span> <span class='ocrx_word' id='word_1_296' title='bbox 1754 1683 1789 1707; x_wconf 76' lang='lat' dir='ltr'>Tl</span> <span class='ocrx_word' id='word_1_297' title='bbox 1823 1682 1860 1707; x_wconf 79' lang='lat' dir='ltr'>im</span> <span class='ocrx_word' id='word_1_298' title='bbox 1885 1681 2014 1708; x_wconf 76' lang='lat' dir='ltr'>Laudes-</span> 
     </span>
     <span class='ocr_line' id='line_1_28' title="bbox 571 1736 1397 1766; baseline -0.007 0"><span class='ocrx_word' id='word_1_299' title='bbox 571 1739 720 1766; x_wconf 49' lang='lat' dir='ltr'>Arcliivest</span> <span class='ocrx_word' id='word_1_300' title='bbox 1393 1736 1397 1739; x_wconf 91' lang='lat'>&#39;</span> 
     </span>
    </p>
   </div>
   <div class='ocr_carea' id='block_1_3' title="bbox 228 1883 1935 2069">
    <p class='ocr_par' dir='ltr' id='par_1_5' title="bbox 228 1883 1935 2069">
     <span class='ocr_line' id='line_1_29' title="bbox 1039 1883 1146 1919; baseline 0 -1"><span class='ocrx_word' id='word_1_301' title='bbox 1039 1883 1146 1919; x_wconf 70' lang='lat'>281.</span> 
     </span>
     <span class='ocr_line' id='line_1_30' title="bbox 228 1943 1935 2009; baseline -0.005 -9"><span class='ocrx_word' id='word_1_302' title='bbox 228 1967 378 2001; x_wconf 66' lang='lat' dir='ltr'>deluam.</span> <span class='ocrx_word' id='word_1_303' title='bbox 408 1966 558 2009; x_wconf 64' lang='lat' dir='ltr'>Be&#39;sclcof</span> <span class='ocrx_word' id='word_1_304' title='bbox 581 1976 642 1999; x_wconf 79' lang='lat' dir='ltr'>con</span> <span class='ocrx_word' id='word_1_305' title='bbox 675 1965 819 2006; x_wconf 46' lang='lat' dir='ltr'>Olmillzz2</span> <span class='ocrx_word' id='word_1_306' title='bbox 848 1963 1007 2006; x_wconf 74' lang='lat' dir='ltr'>tei-kaus!</span> <span class='ocrx_word' id='word_1_307' title='bbox 1032 1943 1089 1995; x_wconf 26' lang='lat' dir='ltr'>&#39;die</span> <span class='ocrx_word' id='word_1_308' title='bbox 1117 1962 1314 1996; x_wconf 34' lang='lat' dir='ltr'>‘ideali-atie</span> <span class='ocrx_word' id='word_1_309' title='bbox 1356 1964 1387 1995; x_wconf 72' lang='lat' dir='ltr'>in</span> <span class='ocrx_word' id='word_1_310' title='bbox 1420 1961 1571 1995; x_wconf 74' lang='lat' dir='ltr'>Zwitlaa</span> <span class='ocrx_word' id='word_1_311' title='bbox 1600 1961 1671 1994; x_wconf 83' lang='lat' dir='ltr'>dem</span> <span class='ocrx_word' id='word_1_312' title='bbox 1701 1959 1846 1993; x_wconf 68' lang='lat' dir='ltr'>Ii&#39;onrad</span> <span class='ocrx_word' id='word_1_313' title='bbox 1874 1969 1935 1992; x_wconf 68' lang='lat' dir='ltr'>teu</span> 
     </span>
     <span class='ocr_line' id='line_1_31' title="bbox 650 2021 1536 2069; baseline -0.003 -11"><span class='ocrx_word' id='word_1_314' title='bbox 650 2024 844 2069; x_wconf 61' lang='lat' dir='ltr'>Leilomysl.</span> <span class='ocrx_word' id='word_1_315' title='bbox 874 2024 933 2057; x_wconf 75' lang='lat' dir='ltr'>Dc.</span> <span class='ocrx_word' id='word_1_316' title='bbox 965 2023 1115 2057; x_wconf 69' lang='lat' dir='ltr'>Modritz</span> <span class='ocrx_word' id='word_1_317' title='bbox 1145 2022 1177 2056; x_wconf 87' lang='lat'>1.</span> <span class='ocrx_word' id='word_1_318' title='bbox 1208 2021 1393 2056; x_wconf 69' lang='lat' dir='ltr'>Nocembr.</span> <span class='ocrx_word' id='word_1_319' title='bbox 1426 2021 1536 2055; x_wconf 73' lang='lat'><em>1354.</em></span> 
     </span>
    </p>
   </div>
   <div class='ocr_carea' id='block_1_4' title="bbox 160 2085 2020 2574">
    <p class='ocr_par' dir='ltr' id='par_1_6' title="bbox 160 2085 2020 2574">
     <span class='ocr_line' id='line_1_32' title="bbox 323 2085 2017 2149; baseline -0.005 -11"><span class='ocrx_word' id='word_1_320' title='bbox 323 2085 494 2139; x_wconf 57' lang='lat' dir='ltr'>joannes</span> <span class='ocrx_word' id='word_1_321' title='bbox 532 2103 595 2138; x_wconf 89' lang='lat' dir='ltr'>Dei</span> <span class='ocrx_word' id='word_1_322' title='bbox 631 2108 662 2137; x_wconf 89' lang='lat' dir='ltr'>et</span> <span class='ocrx_word' id='word_1_323' title='bbox 691 2103 897 2149; x_wconf 82' lang='lat' dir='ltr'>Apostolicae</span> <span class='ocrx_word' id='word_1_324' title='bbox 935 2101 1033 2135; x_wconf 90' lang='lat' dir='ltr'>Sedis</span> <span class='ocrx_word' id='word_1_325' title='bbox 1069 2101 1183 2135; x_wconf 79' lang='lat' dir='ltr'>Gratia</span> <span class='ocrx_word' id='word_1_326' title='bbox 1211 2100 1399 2146; x_wconf 85' lang='lat' dir='ltr'>Episcopus</span> <span class='ocrx_word' id='word_1_327' title='bbox 1429 2099 1664 2133; x_wconf 85' lang='lat' dir='ltr'>Olomucensis</span> <span class='ocrx_word' id='word_1_328' title='bbox 1692 2097 1844 2132; x_wconf 83' lang='lat' dir='ltr'>omnihus</span> <span class='ocrx_word' id='word_1_329' title='bbox 1874 2099 1906 2130; x_wconf 90' lang='lat' dir='ltr'>in</span> <span class='ocrx_word' id='word_1_330' title='bbox 1934 2106 2017 2142; x_wconf 86' lang='lat' dir='ltr'>per—</span> 
     </span>
     <span class='ocr_line' id='line_1_33' title="bbox 161 2159 2014 2212; baseline -0.005 -13"><span class='ocrx_word' id='word_1_331' title='bbox 161 2171 307 2212; x_wconf 88' lang='lat' dir='ltr'>petuum.</span> <span class='ocrx_word' id='word_1_332' title='bbox 349 2164 387 2199; x_wconf 77' lang='lat' dir='ltr'>Ut</span> <span class='ocrx_word' id='word_1_333' title='bbox 417 2176 456 2198; x_wconf 90' lang='lat' dir='ltr'>ea</span> <span class='ocrx_word' id='word_1_334' title='bbox 485 2175 556 2210; x_wconf 79' lang='lat' dir='ltr'>quae</span> <span class='ocrx_word' id='word_1_335' title='bbox 585 2164 665 2197; x_wconf 87' lang='lat' dir='ltr'>fiunt</span> <span class='ocrx_word' id='word_1_336' title='bbox 700 2167 731 2196; x_wconf 90' lang='lat' dir='ltr'>in</span> <span class='ocrx_word' id='word_1_337' title='bbox 760 2168 912 2209; x_wconf 87' lang='lat' dir='ltr'>tempore</span> <span class='ocrx_word' id='word_1_338' title='bbox 940 2162 1035 2195; x_wconf 87' lang='lat' dir='ltr'>simul</span> <span class='ocrx_word' id='word_1_339' title='bbox 1064 2172 1137 2195; x_wconf 87' lang='lat' dir='ltr'>cuin</span> <span class='ocrx_word' id='word_1_340' title='bbox 1176 2162 1269 2206; x_wconf 89' lang='lat' dir='ltr'>lapsu</span> <span class='ocrx_word' id='word_1_341' title='bbox 1304 2163 1462 2206; x_wconf 85' lang='lat' dir='ltr'>temporis</span> <span class='ocrx_word' id='word_1_342' title='bbox 1499 2160 1539 2193; x_wconf 83' lang='lat' dir='ltr'>ab</span> <span class='ocrx_word' id='word_1_343' title='bbox 1578 2159 1719 2192; x_wconf 86' lang='lat' dir='ltr'>humana</span> <span class='ocrx_word' id='word_1_344' title='bbox 1758 2160 1916 2191; x_wconf 78' lang='lat' dir='ltr'>memoria</span> <span class='ocrx_word' id='word_1_345' title='bbox 1950 2167 2014 2190; x_wconf 90' lang='lat' dir='ltr'>non</span> 
     </span>
     <span class='ocr_line' id='line_1_34' title="bbox 160 2217 2016 2271; baseline -0.006 -11"><span class='ocrx_word' id='word_1_346' title='bbox 160 2226 323 2260; x_wconf 85' lang='lat' dir='ltr'>recedant</span> <span class='ocrx_word' id='word_1_347' title='bbox 352 2226 556 2271; x_wconf 76' lang='lat' dir='ltr'>Sapientiam</span> <span class='ocrx_word' id='word_1_348' title='bbox 586 2224 765 2257; x_wconf 81' lang='lat' dir='ltr'>introduxit</span> <span class='ocrx_word' id='word_1_349' title='bbox 795 2223 989 2257; x_wconf 85' lang='lat' dir='ltr'>Authoritas</span> <span class='ocrx_word' id='word_1_350' title='bbox 1018 2227 1051 2255; x_wconf 88' lang='lat' dir='ltr'>ut</span> <span class='ocrx_word' id='word_1_351' title='bbox 1079 2225 1164 2255; x_wconf 90' lang='lat' dir='ltr'>inter</span> <span class='ocrx_word' id='word_1_352' title='bbox 1199 2220 1356 2254; x_wconf 83' lang='lat' dir='ltr'>Mortales</span> <span class='ocrx_word' id='word_1_353' title='bbox 1395 2224 1467 2253; x_wconf 85' lang='lat' dir='ltr'>acta</span> <span class='ocrx_word' id='word_1_354' title='bbox 1496 2220 1676 2253; x_wconf 82' lang='lat' dir='ltr'>litterarum</span> <span class='ocrx_word' id='word_1_355' title='bbox 1707 2217 1903 2251; x_wconf 88' lang='lat' dir='ltr'>certitudine</span> <span class='ocrx_word' id='word_1_356' title='bbox 1933 2227 2016 2262; x_wconf 91' lang='lat' dir='ltr'>per-</span> 
     </span>
     <span class='ocr_line' id='line_1_35' title="bbox 162 2276 2020 2330; baseline -0.006 -10"><span class='ocrx_word' id='word_1_357' title='bbox 162 2288 351 2320; x_wconf 84' lang='lat' dir='ltr'>lienuentur</span> <span class='ocrx_word' id='word_1_358' title='bbox 379 2291 411 2319; x_wconf 86' lang='lat' dir='ltr'>et</span> <span class='ocrx_word' id='word_1_359' title='bbox 441 2290 609 2330; x_wconf 83' lang='lat' dir='ltr'>tamqvam</span> <span class='ocrx_word' id='word_1_360' title='bbox 637 2287 716 2317; x_wconf 87' lang='lat' dir='ltr'>vivo</span> <span class='ocrx_word' id='word_1_361' title='bbox 747 2284 951 2317; x_wconf 83' lang='lat' dir='ltr'>Testimonio</span> <span class='ocrx_word' id='word_1_362' title='bbox 980 2283 1021 2316; x_wconf 88' lang='lat' dir='ltr'>ad</span> <span class='ocrx_word' id='word_1_363' title='bbox 1056 2284 1161 2315; x_wconf 86' lang='lat' dir='ltr'>aetatis</span> <span class='ocrx_word' id='word_1_364' title='bbox 1201 2280 1318 2314; x_wconf 82' lang='lat' dir='ltr'>futurae</span> <span class='ocrx_word' id='word_1_365' title='bbox 1354 2282 1502 2314; x_wconf 88' lang='lat' dir='ltr'>notitiam</span> <span class='ocrx_word' id='word_1_366' title='bbox 1538 2278 1772 2324; x_wconf 86' lang='lat' dir='ltr'>perducantur.</span> <span class='ocrx_word' id='word_1_367' title='bbox 1830 2276 2020 2322; x_wconf 88' lang='lat' dir='ltr'>Eapropter</span> 
     </span>
     <span class='ocr_line' id='line_1_36' title="bbox 163 2336 2018 2390; baseline -0.006 -10"><span class='ocrx_word' id='word_1_368' title='bbox 163 2348 204 2380; x_wconf 92' lang='lat' dir='ltr'>ad</span> <span class='ocrx_word' id='word_1_369' title='bbox 234 2346 476 2380; x_wconf 73' lang='lat' dir='ltr'>[inversorum</span> <span class='ocrx_word' id='word_1_370' title='bbox 505 2350 569 2379; x_wconf 82' lang='lat' dir='ltr'>tani</span> <span class='ocrx_word' id='word_1_371' title='bbox 604 2347 814 2390; x_wconf 58' lang='lat' dir='ltr'>praesentium</span> <span class='ocrx_word' id='word_1_372' title='bbox 854 2355 949 2389; x_wconf 83' lang='lat' dir='ltr'>quam</span> <span class='ocrx_word' id='word_1_373' title='bbox 992 2342 1176 2376; x_wconf 83' lang='lat' dir='ltr'>futurorum</span> <span class='ocrx_word' id='word_1_374' title='bbox 1217 2344 1366 2375; x_wconf 85' lang='lat' dir='ltr'>notitiam</span> <span class='ocrx_word' id='word_1_375' title='bbox 1408 2339 1564 2373; x_wconf 82' lang='lat' dir='ltr'>volumus</span> <span class='ocrx_word' id='word_1_376' title='bbox 1605 2340 1786 2383; x_wconf 85' lang='lat' dir='ltr'>pervenire</span> <span class='ocrx_word' id='word_1_377' title='bbox 1828 2337 1913 2382; x_wconf 86' lang='lat' dir='ltr'>quod</span> <span class='ocrx_word' id='word_1_378' title='bbox 1949 2336 2018 2370; x_wconf 89' lang='lat' dir='ltr'>Nos</span> 
     </span>
     <span class='ocr_line' id='line_1_37' title="bbox 165 2399 2018 2444; baseline -0.006 -3"><span class='ocrx_word' id='word_1_379' title='bbox 165 2408 388 2441; x_wconf 80' lang='lat' dir='ltr'>Advocatiam</span> <span class='ocrx_word' id='word_1_380' title='bbox 417 2406 572 2440; x_wconf 75' lang='lat' dir='ltr'>Nostram</span> <span class='ocrx_word' id='word_1_381' title='bbox 602 2409 634 2439; x_wconf 88' lang='lat' dir='ltr'>in</span> <span class='ocrx_word' id='word_1_382' title='bbox 665 2405 806 2438; x_wconf 84' lang='lat' dir='ltr'>Civitate</span> <span class='ocrx_word' id='word_1_383' title='bbox 835 2403 955 2438; x_wconf 67' lang='lat' dir='ltr'>*Nostra</span> <span class='ocrx_word' id='word_1_384' title='bbox 986 2402 1164 2437; x_wconf 83' lang='lat' dir='ltr'>Swittavia</span> <span class='ocrx_word' id='word_1_385' title='bbox 1194 2413 1268 2435; x_wconf 87' lang='lat' dir='ltr'>cum</span> <span class='ocrx_word' id='word_1_386' title='bbox 1306 2403 1411 2434; x_wconf 89' lang='lat' dir='ltr'>tercio</span> <span class='ocrx_word' id='word_1_387' title='bbox 1445 2399 1581 2432; x_wconf 82' lang='lat' dir='ltr'>denario</span> <span class='ocrx_word' id='word_1_388' title='bbox 1610 2399 1779 2444; x_wconf 86' lang='lat' dir='ltr'>culparum</span> <span class='ocrx_word' id='word_1_389' title='bbox 1810 2409 1869 2431; x_wconf 90' lang='lat' dir='ltr'>seu</span> <span class='ocrx_word' id='word_1_390' title='bbox 1899 2408 2018 2431; x_wconf 86' lang='lat' dir='ltr'>enien-</span> 
     </span>
     <span class='ocr_line' id='line_1_38' title="bbox 165 2458 2018 2511; baseline -0.005 -10"><span class='ocrx_word' id='word_1_391' title='bbox 165 2469 278 2502; x_wconf 88' lang='lat' dir='ltr'>darum</span> <span class='ocrx_word' id='word_1_392' title='bbox 309 2467 349 2501; x_wconf 90' lang='lat' dir='ltr'>de</span> <span class='ocrx_word' id='word_1_393' title='bbox 377 2467 507 2501; x_wconf 86' lang='lat' dir='ltr'>Judicio</span> <span class='ocrx_word' id='word_1_394' title='bbox 536 2466 654 2499; x_wconf 86' lang='lat' dir='ltr'>ibidem</span> <span class='ocrx_word' id='word_1_395' title='bbox 685 2468 916 2511; x_wconf 82' lang='lat' dir='ltr'>proveniente.</span> <span class='ocrx_word' id='word_1_396' title='bbox 947 2467 1091 2510; x_wconf 85' lang='lat' dir='ltr'>quinque</span> <span class='ocrx_word' id='word_1_397' title='bbox 1120 2467 1154 2496; x_wconf 90' lang='lat' dir='ltr'>et</span> <span class='ocrx_word' id='word_1_398' title='bbox 1173 2462 1306 2496; x_wconf 88' lang='lat' dir='ltr'>dimidio</span> <span class='ocrx_word' id='word_1_399' title='bbox 1335 2460 1485 2495; x_wconf 85' lang='lat' dir='ltr'>Macellis</span> <span class='ocrx_word' id='word_1_400' title='bbox 1511 2462 1670 2502; x_wconf 69' lang='lat' dir='ltr'>carnium,</span> <span class='ocrx_word' id='word_1_401' title='bbox 1701 2463 1842 2504; x_wconf 89' lang='lat' dir='ltr'>quatuor</span> <span class='ocrx_word' id='word_1_402' title='bbox 1873 2458 2018 2503; x_wconf 85' lang='lat' dir='ltr'>Scamp-</span> 
     </span>
     <span class='ocr_line' id='line_1_39' title="bbox 164 2518 2019 2574; baseline -0.005 -12"><span class='ocrx_word' id='word_1_403' title='bbox 164 2531 216 2562; x_wconf 83' lang='lat' dir='ltr'>nis</span> <span class='ocrx_word' id='word_1_404' title='bbox 246 2540 376 2574; x_wconf 59' lang='lat' dir='ltr'>panum,</span> <span class='ocrx_word' id='word_1_405' title='bbox 406 2527 532 2561; x_wconf 89' lang='lat' dir='ltr'>Decem</span> <span class='ocrx_word' id='word_1_406' title='bbox 562 2531 594 2560; x_wconf 83' lang='lat' dir='ltr'>et</span> <span class='ocrx_word' id='word_1_407' title='bbox 623 2531 697 2560; x_wconf 86' lang='lat' dir='ltr'>octo</span> <span class='ocrx_word' id='word_1_408' title='bbox 726 2526 902 2572; x_wconf 87' lang='lat' dir='ltr'>Scampnis</span> <span class='ocrx_word' id='word_1_409' title='bbox 932 2524 1141 2567; x_wconf 82' lang='lat' dir='ltr'>Ualeeorum,</span> <span class='ocrx_word' id='word_1_410' title='bbox 1179 2523 1319 2556; x_wconf 87' lang='lat' dir='ltr'>balneali</span> <span class='ocrx_word' id='word_1_411' title='bbox 1350 2521 1453 2555; x_wconf 85' lang='lat' dir='ltr'>Stuba</span> <span class='ocrx_word' id='word_1_412' title='bbox 1486 2525 1624 2566; x_wconf 87' lang='lat' dir='ltr'>quatuor</span> <span class='ocrx_word' id='word_1_413' title='bbox 1660 2519 1811 2554; x_wconf 84' lang='lat' dir='ltr'>domibus</span> <span class='ocrx_word' id='word_1_414' title='bbox 1847 2518 2019 2553; x_wconf 86' lang='lat' dir='ltr'>censuali-</span> 
     </span>
    </p>
   </div>
  </div>
 </body>
</html>
