2206 2735
1104 70 1149 104 -17

202 187 357 218 ticionem
387 187 531 230 ipsarum
562 186 708 229 parcium
750 185 945 216 auctoritate
981 182 1145 216 ordinaria
1181 183 1257 216 duxi
1294 183 1505 229 presentibus
1541 183 1813 227 confirmandam.
1848 187 1878 217 in
1917 195 2054 230 quorum

201 247 423 278 testimonium
453 245 594 289 sigillum
624 245 804 277 vicariatus
834 242 988 277 Ecclesie
1017 241 1265 285 olomucensis,
1305 253 1368 287 quo
1407 248 1492 285 vtor,
1532 244 1740 289 presentibus
1775 249 1825 278 est
1860 255 2054 290 appensum.

202 306 322 339 Actum
353 304 497 339 Cliunicz
526 304 627 338 Anno
656 303 777 337 domini
806 302 982 337 Millesimo
1011 302 1265 337 Trecentesimo
1296 307 1573 349 quinquagesimo
1603 307 1706 350 primo
1741 305 1793 339 die
1830 302 1888 340 ΧΙ.
1929 304 2054 339 Mensis

202 367 358 410 Augusti.

510 425 605 458 (Orig.
632 425 716 458 Perg.
743 425 828 458 liiiug.
847 422 907 458 Sig.
925 424 961 449 im
981 424 1105 450 Archive
1124 425 1173 450 <ies
1193 425 1324 451 Klosters
1343 425 1435 451 ssruck
1454 426 1489 451 im
1510 426 1777 452 Laudes-‚archim
1796 427 1853 454 Lit.
1872 428 1904 454 L.
1925 427 1973 454 Nr.
1996 427 2055 461 18.)

1092 572 1164 605 50.

200 650 306 684 Palis!
338 650 493 683 Clemens
532 648 583 682 VI.
616 648 799 692 110310ίί901
829 649 882 681 11ίο
913 647 1117 692 Zuwez‘suny
1153 651 1277 682 zwez'er
1308 650 1479 684 Olriivtzer
1508 650 1691 684 Delissanale
1725 662 1786 684 zm·
1815 650 1962 684 Dz'ozese
1992 662 2055 684 1011

693 708 918 742 Lee'tomi'sclzl.
948 709 1009 744 Dt.
1040 709 1198 753 Aviynou
1230 709 1289 743 12.
1320 711 1425 754 April
1455 710 1562 744 1351.

353 779 530 832 Clemens
561 796 747 842 Episcopus
778 796 905 829 Servus
936 794 1120 829 Servorum
1150 795 1211 829 Dei
1242 796 1281 830 ad
1312 802 1504 843 perpetuam
1536 801 1583 831 rei
1614 801 1816 832 memoriam.

355 857 469 903 Exigit
498 858 705 903 apostolatus
735 857 891 890 oflicium.
923 859 974 889 cui
1005 860 1175 889 annuente
1196 856 1341 891 Domino
1370 859 1591 904 presidemus.
1622 864 1654 892 ut
1674 870 1712 892 ea
1734 870 1798 903 quc
1818 862 1908 892 circa
1930 863 2046 891 statum

199 918 418 952 ecclesiarum
448 921 593 952 omnium
616 928 658 951 ex
680 918 863 963 apostolice
891 916 981 950 sedis
1003 919 1251 962 circumspecta
1282 919 1493 963 providentia
1522 919 1716 953 ordinantur
1744 930 1803 965 per
1831 918 2049 953 solicitudinis

202 983 315 1012 nostre
344 978 484 1013 studium
515 979 554 1012 ad
585 978 728 1012 debitum
759 978 982 1023 perducantur
1011 976 1176 1010 effectum.
1238 977 1367 1012 Dudum
1407 980 1569 1025 siquidem
1608 990 1667 1025 pro
1696 984 1790 1025 parte
1819 980 1992 1013 Carissimi
2022 982 2052 1011 111

200 1039 332 1073 Christo
362 1039 417 1073 tilii
447 1042 550 1073 nostri
580 1040 689 1072 Caroli
727 1039 952 1072 Romanorum
993 1042 1025 1070 et
1055 1037 1191 1071 Boemie
1231 1038 1336 1083 Regis
1366 1039 1516 1083 Illustris‚
1551 1045 1627 1074 tunc
1656 1039 1859 1074 Marchionis
1889 1039 2054 1074 bloi-avie.

199 1101 290 1134 clare
318 1103 478 1134 memorie
508 1099 670 1133 ι1011001115
698 1099 803 1143 Regis
834 1099 970 1132 Boemie
1000 1101 1214 1144 primogeniti
1244 1104 1276 1132 et
1305 1104 1409 1145 ipsius
1430 1100 1535 1145 Regis
1556 1105 1634 1134 tunc
1654 1104 1802 1135 viventis
1823 1111 1935 1134 001301
1956 1099 2050 1133 nobis

200 1165 232 1194 et
260 1160 417 1194 fratribus
448 1163 572 1194 nostris
605 1164 721 1194 sancte
750 1170 886 1193 romane
915 1159 1062 1193 ecclesie
1091 1159 1324 1194 Cardinalibus
1358 1166 1555 1195 reverenter
1588 1164 1755 1207 exposito.
1793 1161 1878 1207 quod
1910 1160 2053 1205 Pragen.

200 1232 260 1267 per
288 1221 404 1255 decem
433 1226 465 1254 et
495 1221 692 1255 Olomucen.
722 1220 877 1254 Ecclesie
905 1223 1118 1266 ipsarumque
1148 1219 1309 1254 Civitates
1339 1226 1371 1254 et
1400 1221 1563 1256 Dioccses
1593 1225 1623 1255 in
1655 1222 1773 1266 Regno
1805 1221 1940 1255 Boemie
1970 1232 2056 1254 con-

200 1285 348 1316 sistentis
378 1293 442 1327 que
471 1282 512 1314 de
545 1281 737 1326 Maguntina
768 1281 938 1327 provincia
972 1279 1160 1313 existebant
1191 1286 1225 1314 et
1246 1281 1461 1316 subiacebunt
1489 1286 1560 1316 iure
1589 1282 1830 1328 metropolitico
1853 1282 2054 1328 Areliiepis-

200 1354 284 1388 copo
314 1342 520 1387 Maguntino.
561 1346 615 1388 qui
654 1346 725 1375 erat
763 1353 821 1387 pro
860 1346 1009 1386 tempore
1047 1352 1085 1373 ac
1115 1341 1228 1374 eidem
1259 1341 1410 1377 Ecclesie
1438 1342 1622 1388 Magantia.
1654 1354 1670 1375 a
1701 1342 1843 1376 Civitate
1871 1342 2053 1387 Magantia.

200 1415 259 1448 per
287 1403 461 1437 duodecim
492 1404 599 1437 dietas
630 1404 683 1436 vel
712 1406 799 1436 circa
830 1401 1005 1438 distabant.
1043 1406 1074 1435 et
1113 1401 1202 1447 quod
1242 1404 1350 1437 incole
1385 1404 1462 1437 dicti
1489 1403 1599 1449 Regni
1637 1406 1690 1449 qui
1719 1404 1895 1449 loquuntur
1923 1403 2055 1449 ydionia

202 1464 438 1498 Sclavonicum
476 1467 611 1497 omnino
641 1464 808 1497 diversum
839 1468 869 1496 et
907 1474 972 1496 non
1002 1462 1212 1507 intelligibile
1248 1464 1365 1497 incolis
1404 1464 1540 1497 aliorum
1570 1463 1826 1510 Episcopatuum
1857 1463 1942 1496 dicte
1973 1474 2055 1508 pro-

200 1528 323 1559 vincie.
363 1528 416 1570 qui
455 1536 572 1570 purum
605 1524 737 1570 ydioma
767 1523 1032 1557 theotonicorum
1062 1524 1149 1569 loqui
1182 1529 1377 1560 noscuntur.
1412 1530 1509 1558 erant
1539 1530 1635 1570 prout
1664 1530 1739 1559 sunt
1768 1528 1902 1558 omnino
1931 1524 2055 1557 diversi

202 1588 233 1618 in
263 1585 432 1631 ydiomate
463 1584 502 1617 ab
532 1585 673 1623 eisdem„
703 1584 855 1629 quodque
882 1584 927 1617 illi
956 1584 996 1617 de
1025 1584 1121 1617 dictis
1153 1584 1296 1629 Pragen.
1319 1590 1351 1618 et
1372 1584 1567 1619 Olomucen.
1589 1584 1785 1619 Civitatibus
1814 1589 1847 1618 et
1866 1584 2055 1619 diocesibus

201 1649 266 1678 tum
296 1650 431 1691 propter
459 1646 627 1691 predones
668 1650 701 1678 et
738 1650 890 1690 raptores
927 1648 959 1678 111
996 1644 1169 1679 itineribus
1210 1650 1412 1679 occurentes
1448 1651 1480 1679 01
1507 1649 1658 1679 itinerum
1689 1649 1836 1692 ipsorum
1866 1645 2055 1680 discrimina

202 1710 231 1738 et
261 1708 458 1750 asperitates
487 1716 622 1739 nemora
653 1710 685 1739 et
713 1710 868 1738 montana
898 1708 929 1738 iu
959 1708 1047 1738 exitu
1069 1711 1101 1739 et
1122 1717 1285 1750 regressu
1315 1706 1391 1740 dicti
1413 1706 1521 1752 Regni
1547 1709 1745 1749 existentes.
1776 1711 1841 1740 tum
1862 1709 1958 1739 etiam
1982 1708 2054 1751 quia

201 1765 375 1810 oportebat
405 1777 463 1800 eos
493 1777 552 1811 per
582 1767 678 1799 aliam
709 1777 767 1799 seu
797 1766 877 1799 alias
907 1768 1098 1811 provincias
1129 1770 1272 1800 transire
1302 1778 1374 1800 cum
1404 1766 1607 1812 Maguiitiani
1645 1767 1767 1800 vellent
1802 1768 1967 1800 accedere
1996 1776 2057 1811 1110

203 1826 480 1872 appellationibus
511 1831 539 1859 et
572 1827 644 1860 aliis
674 1829 785 1859 causis
815 1826 852 1859 ad
884 1826 989 1859 forum
1021 1826 1332 1873 Arcliiepiscopalis
1362 1827 1460 1862 Curie
1490 1828 1685 1873 Maguntine
1713 1826 1956 1873 Metropolitico
1986 1830 2056 1860 iure

204 1886 431 1932 spectantibus
470 1886 713 1932 prosequendis
751 1887 904 1932 predictis
942 1887 1099 1932 periculis
1129 1899 1167 1920 ac
1199 1888 1462 1934 importabilibus
1491 1891 1651 1934 expensis
1680 1892 1711 1921 et
1740 1887 1907 1922 laboribus
1937 1886 2056 1921 subia-

204 1947 334 1981 cebant.
392 1947 432 1980 Et
471 1953 608 1992 propter
647 1947 708 1980 lioc
747 1959 810 1981 non
846 1952 915 1980 erat
945 1951 1105 1981 memoria
1135 1947 1319 1991 bominum,
1356 1949 1440 1994 quod
1471 1948 1624 1982 Ecclesie
1653 1948 1814 1983 Civitates
1843 1952 1873 1981 et
1903 1948 2057 1981 dioceses

205 2007 348 2052 Pragen.
381 2012 412 2041 et
442 2007 638 2041 Olomucen.
669 2007 818 2053 predicte
846 2007 955 2042 forent
984 2020 1043 2053 per
1063 2008 1370 2055 Arcliiepiscopum
1390 2008 1576 2053 Maguntin.
1606 2011 1669 2042 nisi
1699 2009 1802 2042 semel
1832 2007 2057 2042 tantummodo

206 2072 348 2103 visitate.
379 2073 410 2102 et
439 2068 523 2113 quod
547 2068 739 2102 Altissimus
769 2072 800 2102 in
830 2074 917 2102 tanta
949 2069 1152 2103 multitudine
1182 2069 1293 2115 populi
1323 2069 1428 2102 dictas
1450 2068 1591 2113 Pragen.
1615 2073 1645 2102 et
1666 2068 1860 2102 Olomucen.
1892 2068 2053 2102 dioceses.

206 2140 341 2173 quarum
373 2132 474 2175 prima
515 2141 575 2175 per
603 2132 746 2174 quinque
784 2135 814 2163 et
850 2130 953 2163 altera
983 2134 1123 2174 quatuor
1159 2130 1265 2164 dietas
1295 2129 1579 2176 protendebantur
1617 2130 1669 2163 vel
1707 2133 1852 2164 circiter.
1890 2134 1921 2162 01
1960 2133 2055 2162 etiam

205 2193 237 2223 iu
266 2192 420 2224 ecclesiis
451 2202 489 2223 ac
519 2191 599 2224 locis
630 2190 869 2223 ecclesiasticis
898 2189 1141 2224 fecundaverat
1172 2196 1202 2224 et
1233 2195 1409 2229 allexerat,
1448 2190 1532 2235 quod
1573 2190 1776 2235 singularum
1806 2192 1951 2236 ipsarum
1982 2193 2055 2223 sin—

206 2251 302 2295 gulos
332 2251 442 2284 vultus
472 2255 589 2285 unicus
619 2257 734 2297 pastor
762 2251 928 2296 nequibat.
960 2257 990 2284 ut
1016 2251 1170 2286 Officium
1192 2251 1367 2285 Pastorale
1395 2250 1547 2293 decebat,
1578 2254 1745 2296 inspicere
1773 2254 1805 2284 et
1833 2251 1914 2284 alias
1944 2254 2057 2296 partes

208 2311 283 2345 boni
313 2315 456 2357 pastoris
486 2313 636 2359 implere.
676 2313 828 2358 quodque
858 2313 970 2346 durum
1001 2317 1073 2346 erat
1102 2318 1201 2356 atque
1231 2311 1363 2345 difficile
1396 2314 1427 2344 in
1456 2310 1599 2357 qualibet
1633 2315 1699 2344 tam
1727 2312 1867 2345 latarum
1896 2316 1926 2343 et
1956 2310 2055 2343 diffu-

207 2384 317 2406 sarum
347 2373 528 2406 diocesium
561 2374 599 2407 ad
629 2384 729 2407 unum
757 2377 880 2407 tantum
902 2378 1068 2419 pastorem
1090 2385 1107 2407 a
1133 2377 1178 2406 tot
1198 2375 1352 2419 personis
1372 2372 1613 2406 ecclesiasticis
1634 2376 1665 2405 et
1686 2372 1860 2406 mundanis
1881 2382 2055 2404 recursum

208 2433 334 2467 haberi.
374 2445 412 2466 ac
448 2445 507 2480 pro
546 2439 641 2479 parte
679 2437 823 2479 ipsorum
852 2434 1013 2468 ,Iohannis
1044 2434 1148 2479 Regis
1183 2438 1215 2466 et
1244 2434 1452 2479 primogeniti
1482 2431 1577 2466 nohis
1607 2432 1770 2466 humiliter
1799 2432 1993 2477 supplicato.
2026 2436 2057 2464 ut

207 2494 313 2528 dictas
346 2494 487 2539 Pragen.
519 2499 550 2527 et
580 2493 776 2529 Olomucen.
807 2492 970 2528 ecclesias
1001 2494 1039 2528 ab
1069 2498 1156 2528 0111111
1189 2494 1332 2527 dominio
1362 2497 1392 2525 et
1420 2497 1585 2538 potestate
1615 2492 1772 2526 dictorum
1803 2491 2057 2538 Arcliiepiscopi

207 2560 237 2588 01
267 2556 413 2589 ecclesie
442 2554 637 2599 Magantine
666 2559 834 2589 eximere.
873 2559 1043 2601 ipsamque
1081 2554 1267 2589 Ecclesiam
1308 2553 1448 2598 Pragen.
1484 2557 1514 2587 in
1555 2553 1826 2599 metropoliticam
1865 2557 1895 2586 et
1933 2552 2058 2597 aliquas
