2206 2735
1106 94 1180 127 209

218 214 249 244 in
280 209 460 256 predictam
498 207 704 242 audienciam
741 209 835 240 citari
871 205 1039 240 mandauit
1080 212 1113 241 et
1154 207 1232 240 secit
1275 206 1316 239 ad
1352 209 1611 252 peremptoriam
1645 212 1771 241 certam
1809 207 1894 242 diem
1930 208 2069 242 eandem

216 271 302 304 diem
332 269 463 316 prefato
491 268 655 313 Magistro
692 267 836 301 Johanni
874 270 1081 313 procuratori
1118 267 1157 300 ad
1193 266 1279 299 idem
1317 266 1551 300 nichilominus
1581 267 1756 301 statuendo
1786 267 1822 301 In
1852 279 1914 313 qua
1942 268 2072 314 prefato

216 329 378 375 Magistro
411 332 630 376 procuratore
666 338 779 361 coram
815 326 946 374 prefato
982 326 1114 360 domino
1148 325 1321 372 Stephano
1357 325 1520 359 Auditore
1554 329 1586 360 in
1615 326 1745 361 Judicio
1783 334 2000 374 comparente
2041 334 2072 363 et

219 394 394 425 citatorum
422 388 648 435 predictorum
685 399 751 422 non
786 390 1054 433 comparencium
1092 389 1336 421 contumaciam
1366 391 1548 420 accusante
1578 398 1617 421 ac
1646 390 1737 433 ipsos
1766 393 1983 424 contumaces
2013 402 2073 424 re-

220 454 326 497 putari
363 454 499 497 petente
534 454 567 483 et
601 452 632 483 in
671 459 786 483 eorum
822 450 1066 482 contumaciam
1103 458 1205 493 super
1241 446 1351 480 libello
1385 447 1535 492 predicto
1573 447 1614 480 de
1652 448 1839 494 calumpnia
1869 454 1902 483 et
1931 453 2072 485 ueritate

220 511 360 546 dicenda
389 521 462 544 cum
492 509 646 544 omnibus
676 509 827 555 capitulis
856 511 888 541 in
918 518 958 541 eo
988 510 1153 541 contentis
1182 510 1214 541 in
1244 507 1395 541 manibus
1424 510 1528 553 ipsius
1558 507 1679 541 domini
1710 508 1872 554 Stephani
1901 511 2071 545 Auditoris

220 577 251 605 et
279 572 318 606 ad
348 574 419 605 eius
450 570 640 604 mandatum
670 570 709 603 ad
739 572 855 604 sancta
886 568 937 601 dei
967 568 1143 612 euangelia
1174 568 1396 614 corporaliter
1424 571 1520 603 tactis
1550 571 1724 615 scripturis
1754 570 1937 615 predictum
1966 571 2069 606 Jura-

219 636 362 665 mentum
392 635 564 677 prestante
593 630 685 664 Idem
714 630 864 663 dominus
894 628 1083 674 Stephanus
1113 628 1256 662 Auditor
1284 628 1453 674 predictos
1482 632 1601 663 citatos
1633 640 1697 663 non
1727 636 1962 676 comparentes
1993 633 2067 666 licet

220 692 331 726 debite
369 696 567 737 expectatos
603 702 667 736 quo
685 690 743 733 ‘ad
782 694 889 723 actum
919 689 1105 723 huiusmodi
1135 693 1297 735 reputans
1327 692 1443 723 merito
1473 694 1687 723 contumaces
1717 690 1756 723 ad
1787 693 1890 736 ipsius
1920 690 2071 737 Magistri

219 753 381 786 Johannis
410 754 636 797 procuratoris
666 752 860 783 instanciam
890 749 1038 796 prefatos
1059 748 1223 782 Abbatem
1255 754 1287 783 et
1308 748 1516 784 Conuentum
1547 762 1585 783 ac
1614 761 1731 784 omnes
1752 751 1836 784 alios
1858 753 2070 798 supradictos

220 818 250 847 in
281 813 455 847 audiencia
485 812 613 857 prefata
643 810 683 844 ad
711 810 898 856 ponendum
929 815 961 843 et
991 809 1227 843 articulandum
1265 822 1303 843 ac
1333 814 1409 856 poni
1440 817 1471 845 et
1500 812 1666 845 articulari
1696 812 1876 846 videndum
1908 817 1938 846 in
1969 825 2071 848 causa

220 872 405 907 huiusmodi
439 875 532 906 citari
570 870 736 905 mandauit
770 875 800 904 et
841 870 919 904 feeit
953 870 991 904 ad
1022 875 1148 904 certum
1179 874 1436 916 peremptorium
1466 876 1641 906 terminum
1671 878 1911 919 competentem
1942 874 1979 907 In
2008 886 2070 920 quo

218 932 485 979 comparentibus
514 935 546 966 in
575 931 706 965 Judicio
736 942 850 965 coram
889 931 1005 964 eodem
1036 930 1169 965 domino
1200 930 1372 977 Stephano
1404 932 1567 966 Auditore
1595 930 1750 967 Jolianne
1780 933 1909 968 Alberti
1939 937 2070 980 priuci-

218 995 282 1040 pali
320 994 468 1040 predicto
503 995 586 1026 citra
629 997 738 1026 tamen
782 996 1033 1037 procuratorum
1076 1002 1210 1025 suorum
1247 995 1506 1025 reuocacionem
1543 1004 1587 1026 ex
1625 1004 1690 1027 vna
1719 998 1813 1040 parte
1848 999 1880 1027 et
1908 994 2070 1039 Magistro

220 1055 368 1088 Henrico
398 1054 522 1099 Biscop
551 1057 769 1099 procuratore
799 1052 977 1087 substituto
1007 1064 1024 1086 a
1056 1051 1238 1086 venerabili
1269 1057 1299 1086 et
1328 1052 1502 1097 Religioso
1532 1057 1605 1087 viro
1635 1054 1737 1088 fratre
1757 1054 1879 1089 Mathia
1902 1055 2071 1089 Canonico

218 1115 378 1159 Regulari
407 1113 600 1147 Monasterii
637 1113 801 1147 Lucensis
839 1118 1056 1159 procuratore
1092 1117 1123 1146 et
1151 1116 1284 1146 nomine
1314 1113 1553 1147 venerabilium
1584 1118 1616 1147 et
1644 1114 1891 1160 Religicsorum
1922 1119 2069 1150 virorum

221 1176 425 1209 dominorum
457 1173 599 1207 Abbatis
629 1178 661 1207 et
690 1172 883 1207 Conuen‘tus
913 1173 1108 1207 Monasterii
1137 1172 1300 1206 Lucensis
1331 1174 1470 1219 predicti
1500 1174 1624 1208 ordinis
1649 1179 1960 1220 premonstratentis
1982 1176 2070 1210 Olo-

220 1238 389 1269 muccnsis
409 1235 552 1268 diocesis
573 1245 616 1267 ex
638 1235 742 1267 altera
758 1235 798 1267 de
827 1233 946 1280 quibus
983 1236 1211 1280 procuratorio
1247 1238 1278 1266 et
1306 1233 1548 1268 substitucione
1578 1237 1608 1268 in
1639 1239 1721 1269 actis
1751 1248 1854 1269 cause
1884 1237 2068 1271 huiusmodi

220 1297 317 1341 plene
343 1299 473 1328 constat
511 1299 540 1327 et
569 1306 629 1341 per
649 1294 827 1339 quemlibet
862 1298 1006 1339 ipsorum
1036 1294 1228 1340 principalis
1258 1299 1290 1327 et
1318 1294 1445 1328 henrici
1475 1298 1702 1341 procuratoris
1732 1296 1896 1331 substituti
1925 1297 2009 1331 dalis
2039 1303 2070 1331 et

218 1356 344 1389 traditis
373 1355 537 1389 nonnullis
567 1355 791 1401 posicionibus
831 1360 864 1388 et
900 1355 1046 1388 articulis
1082 1358 1113 1388 in
1150 1358 1291 1388 termino
1321 1358 1474 1401 superius
1503 1367 1562 1400 per
1590 1356 1732 1389 eundem
1763 1356 1928 1391 dominum
1959 1357 2070 1391 Audi-

218 1421 324 1449 torem
367 1418 541 1460 assignato
578 1415 726 1461 prefatus
765 1415 916 1449 domiuus
955 1415 1142 1461 Stephanus
1179 1415 1319 1449 Auditor
1354 1415 1480 1449 eisdem
1509 1416 1652 1450 Johanni
1682 1417 1809 1451 Alberli
1839 1419 2011 1464 principali
2040 1424 2072 1452 et

219 1477 356 1510 henrico
388 1479 596 1522 procuratori
625 1475 744 1509 ibidem
774 1475 985 1521 presentibus
1022 1481 1053 1510 et
1091 1475 1382 1510 consencientibus
1421 1476 1461 1509 ad
1491 1476 1760 1522 respondendum
1792 1478 1887 1511 dictis
1918 1482 2070 1524 posicio—

219 1537 315 1572 nibus
346 1541 376 1570 iu
407 1541 563 1581 quantum
601 1539 793 1582 posiciones
832 1541 864 1569 et
900 1536 1075 1570 dicendum
1105 1542 1219 1570 contra
1251 1536 1421 1570 Articulos
1452 1537 1640 1571 antedictos
1679 1541 1708 1571 in
1746 1544 1901 1584 qmmtum
1931 1541 2073 1575 Articuli

219 1597 405 1631 existebant
436 1597 591 1631 hincinde
621 1601 745 1631 certum
775 1601 805 1630 ct
834 1601 1090 1643 peremptorium
1120 1600 1294 1631 terminum
1330 1597 1421 1631 duxit
1451 1598 1657 1632 statuendum
1697 1598 1733 1632 ln
1769 1610 1833 1644 quo
1869 1611 2070 1646 comparen—

219 1658 303 1691 tihus
333 1661 364 1691 in
394 1657 524 1691 Judicio
553 1668 665 1691 coram
696 1658 826 1703 prefato
856 1658 987 1692 domino
1017 1658 1189 1704 Stephano
1219 1658 1381 1692 Auditore
1410 1657 1582 1702 Magistris
1611 1658 1765 1693 Johanne
1795 1660 1834 1693 de
1865 1660 2070 1696 Monasterio

219 1718 382 1751 Johannis
414 1717 541 1751 Alberti
570 1723 601 1751 et
630 1718 768 1751 henrico
799 1718 920 1764 Biscop
950 1719 1154 1753 dominorum
1186 1719 1324 1753 Abbatis
1354 1723 1385 1751 ct
1415 1718 1606 1753 Conuentus
1634 1721 1868 1766 principalium
1897 1722 2070 1767 predicto-

221 1790 291 1812 rum
321 1778 591 1824 procuratoribus
621 1778 818 1824 supradictis
848 1779 993 1825 quolibet
1021 1783 1165 1826 ipsorum
1203 1785 1319 1813 contra
1355 1782 1546 1825 posiciones
1590 1785 1620 1813 et
1650 1781 1806 1815 articulos
1850 1786 1952 1828 partis
1982 1784 2070 1817 alte-

222 1842 288 1873 rius
332 1839 489 1885 quasdam
533 1842 758 1885 excepcioues
795 1851 854 1885 pro
883 1845 976 1886 parte
1006 1852 1065 1874 sua
1102 1840 1284 1874 exhibente
1320 1840 1409 1873 idem
1449 1841 1600 1874 dominus
1630 1841 1819 1887 Stephanus
1849 1843 1992 1877 Auditor
2029 1844 2067 1877 ad

220 1903 418 1933 instanciam
449 1899 567 1945 prefati
597 1899 746 1945 Magistri
781 1900 942 1934 ,Iohannis
972 1901 1012 1934 de
1041 1900 1246 1935 Mouasterio
1284 1904 1510 1947 procuratfflis
1549 1901 1709 1947 prefatum
1747 1902 1941 1948 Magistrum
1981 1905 2069 1938 hen-

219 1964 321 1994 ricum
352 1960 475 2006 Biscop
506 1960 544 1993 ad
575 1961 802 2006 replicandum
832 1966 947 1995 contra
978 1961 1083 1996 dictas
1113 1965 1340 2008 excepciones
1370 1965 1472 2007 ipsius
1502 1961 1665 1996 Johannis
1702 1974 1762 2008 per
1790 1969 1915 1997 certum
1946 1965 2068 1998 domini

220 2032 305 2067 pape
343 2021 521 2055 Cursorem
557 2024 650 2055 citari
687 2021 855 2055 mandauit
892 2025 922 2056 et
961 2021 1038 2056 fecit
1067 2022 1105 2055 ad
1135 2027 1260 2056 certum
1291 2026 1465 2056 terminum
1496 2027 1739 2068 competentem
1771 2024 1878 2058 eidem
1907 2025 2067 2070 Magistro

216 2081 358 2116 Johanni
390 2083 535 2116 'similem
576 2085 748 2115 terminum
788 2083 992 2127 assignando
1028 2083 1063 2116 ln
1094 2094 1157 2129 quo
1187 2083 1271 2117 datis
1301 2082 1456 2116 hincinde
1485 2083 1524 2116 ad
1554 2087 1783 2129 excepciones
1814 2085 1980 2130 predictas
2009 2098 2069 2132 per

218 2142 395 2187 quemlibet
425 2148 675 2189 procuratorum
705 2143 929 2188 predictorum
959 2144 1125 2178 nonnullis
1154 2143 1345 2178 verbalibus
1375 2144 1656 2189 replicacionibus
1686 2150 1718 2179 et
1747 2145 1954 2191 postmodum
1977 2146 2066 2181 Idem

219 2204 370 2237 dominus
401 2203 543 2237 Auditor
585 2204 626 2236 ad
670 2206 867 2236 instanciam
914 2203 1053 2249 predicti
1090 2204 1254 2238 Johannis
1292 2204 1420 2238 Alberti
1462 2205 1655 2251 principalis
1695 2209 1775 2239 citra
1816 2212 2065 2252 procuratorum

220 2274 353 2297 suorum
392 2267 648 2298 reuocacionem
679 2274 789 2297 eoram
829 2275 869 2297 eo
905 2267 936 2297 in
970 2264 1099 2298 Judicio
1135 2268 1358 2312 comparentis
1388 2265 1548 2311 prefatum
1585 2266 1718 2301 fratrem
1748 2267 1909 2301 Mathiam
1938 2271 2067 2314 princi-

217 2325 324 2370 palem
363 2330 613 2371 procuratorem
650 2325 811 2359 dictorum
847 2324 986 2359 Abbatis
1022 2331 1055 2360 et
1088 2325 1279 2360 Conuentus
1319 2326 1356 2360 ad
1386 2327 1656 2372 respondendum
1687 2327 1880 2373 quibusdam
1911 2328 2065 2363 Interro-

217 2385 415 2429 gacionihus
452 2386 536 2421 datis
574 2390 607 2420 in
642 2397 744 2420 causa
783 2385 967 2420 huiusmodi
1001 2398 1060 2432 pro
1093 2391 1187 2434 parte
1225 2387 1299 2421 dicti
1327 2387 1491 2422 Johannis
1520 2387 1649 2422 Alberti
1680 2400 1742 2422 nec
1772 2400 1836 2423 non
1868 2389 1907 2423 ad
1936 2390 2064 2435 produ—

217 2445 358 2479 cendum
396 2458 613 2492 quascunque
651 2450 831 2493 scripturas
870 2447 1032 2481 facientes
1076 2448 1115 2481 ad
1157 2448 1243 2482 hanc
1280 2459 1415 2482 causam
1455 2454 1487 2482 et
1516 2450 1601 2494 quod
1632 2461 1689 2483 eas
1719 2461 1783 2483 non
1813 2450 1975 2483 alienaret
2004 2450 2063 2484 sub

218 2510 550 2542 excomunicacionis
585 2519 670 2553 pena
706 2519 765 2554 per
799 2513 925 2542 certum
961 2507 1140 2543 Cursorem
1175 2512 1266 2543 citari
1304 2509 1470 2544 mandauit
1498 2515 1531 2544 et
1559 2510 1636 2544 fecit
1666 2511 1704 2544 ad
1735 2515 1860 2545 certum
1890 2513 2063 2544 terminum

216 2572 460 2613 competentem
490 2567 525 2601 In
555 2579 619 2613 quo
649 2579 846 2614 comparens
878 2572 908 2602 in
938 2568 1069 2603 Judicio
1099 2581 1209 2603 coram
1246 2570 1376 2617 prefato
1406 2570 1537 2604 domino
1567 2570 1737 2617 Stephano
1768 2571 1933 2605 Auditore
1962 2571 2064 2605 frater

1861 2647 1892 2666 :a
