2206 2735
1019 102 1030 104 ,γ
1062 48 1218 104 ..Essj

193 169 347 211 pectatur
375 164 606 211 Suprascripta
635 165 743 197 omnia
773 166 807 196 et
834 163 962 207 singula
993 166 1078 197 iusta
1107 162 1319 197 racionabilia
1349 165 1381 195 et
1416 165 1609 196 necessaria
1644 165 1837 207 reputantes
1875 164 2039 205 tamquam

193 236 255 271 per
282 236 345 260 nos
373 225 414 259 de
443 234 606 271 expresso
635 233 804 257 consensu
832 223 908 257 dicti
937 226 1040 257 nostri
1068 224 1201 269 capituli
1230 228 1344 257 essent
1373 222 1459 256 facta
1488 222 1638 256 ordinata
1658 226 1689 255 et
1714 225 1844 265 statuta,
1874 231 1917 254 ex
1947 225 2038 254 certa

194 290 308 320 nostra
335 287 482 320 sciencia
510 286 708 318 auctoritate
735 283 902 318 ordinaria
931 283 1152 330 approbamus
1181 295 1220 317 ea
1249 283 1479 318 nichilominus
1507 293 1566 328 pro
1595 284 1710 316 maiori
1730 281 1858 316 cautela
1879 292 1924 315 ex
1952 291 2039 314 nunc

194 346 235 380 de
263 349 408 392 ipsorum
436 344 572 379 consilio
602 348 632 378 et
661 355 827 378 consensu
856 343 1065 378 decernimus
1095 347 1266 378 statuimus
1295 349 1326 378 et
1362 343 1552 378 ordinamus
1589 347 1619 376 et
1655 354 1734 377 esse
1770 342 1922 376 volumus
1957 352 2040 387 per-

194 411 294 453 petuo
323 406 472 440 valitura.
502 404 545 438 Et
573 407 743 450 premissis
772 404 968 439 addiciendo
997 404 1148 439 omnibus
1178 409 1210 439 et
1239 405 1378 450 singulis
1408 409 1472 439 tam
1503 404 1637 451 prelatis
1666 414 1761 448 quam
1783 405 1965 448 canonicis,
1986 404 2040 447 qui

194 471 270 513 post
298 477 389 501 suam
417 468 651 511 recepcionem
681 476 741 512 per
768 465 943 511 capitulum
972 464 1058 499 infra
1088 469 1155 499 tres
1184 476 1317 499 menses
1341 465 1517 499 inmediate
1541 468 1719 510 sequentes
1740 463 1780 496 de
1801 466 1915 509 cappis
1936 472 2040 508 usque

194 527 234 561 ad
263 537 423 561 summam
451 529 604 572 superius
634 537 828 572 expressam
858 525 1075 560 effectualiter
1104 525 1165 560 sihi
1194 531 1225 559 et
1255 526 1340 560 dicte
1369 526 1516 560 ecclesie
1545 536 1610 559 non
1639 523 1862 571 prouiderint‚
1905 523 1957 556 uel
1986 525 2038 569 qui

192 598 293 621 onera
323 589 371 621 eis
400 586 630 621 incumbencia
660 586 712 620 vel
742 588 903 631 pecunias
941 589 972 619 in
1010 589 1158 620 terminis
1195 590 1243 620 eis
1273 598 1290 619 a
1330 587 1472 632 capitulo
1503 585 1637 631 prefixis
1666 589 1719 619 aut
1747 583 1948 630 prefigendis
1987 583 2038 616 uel

193 648 274 681 alias
303 646 430 681 debitas
459 659 524 682 non
552 646 785 693 persoluerint.
815 646 857 680 Et
885 649 938 692 qui
966 657 1043 680 suas
1073 646 1271 693 prebendas,
1302 647 1515 680 obediencias
1550 647 1603 680 uel
1640 647 1785 679 vicarias
1822 647 1854 678 in
1891 648 1958 677 toto
1988 644 2038 677 uel

192 710 225 742 in
254 712 346 753 parte
374 709 481 755 laycis
510 709 692 742 locauerint
718 707 773 741 vel
803 709 851 741 eis
882 710 1119 742 commiserint.
1176 707 1217 742 Et
1246 707 1430 742 huiusmodi
1469 708 1659 741 locaciones
1695 705 1746 739 uel
1784 707 2038 739 commissiones

191 768 276 803 infra
313 771 485 803 terminum
522 769 780 814 suprascriptum
826 778 889 801 non
935 771 1179 802 reuocauerint.
1236 768 1429 813 Ingressum
1466 768 1610 801 ecclesie
1648 766 1871 801 interdicimus
1908 768 1938 798 in
1977 764 2038 808 hijs

192 832 322 875 scriptis
344 857 350 864 .
372 829 524 863 volentes
553 827 737 862 huiusmodi
757 827 963 862 interdictum
992 839 1097 874 usque
1117 828 1157 862 ad
1178 828 1446 863 satisfaccionem
1469 828 1611 862 debitam
1633 827 1813 874 perdurare
1831 853 1838 860 .
1855 836 2038 871 omnesque

193 890 331 937 predicti
360 892 414 936 qui
442 889 495 923 uel
524 892 594 936 quis
625 889 810 923 huiusmodi
839 892 1095 935 suspensionem
1124 889 1163 923 ab
1193 892 1346 935 ingressu
1384 889 1528 923 ecclesie
1558 890 1774 922 sustinuerint
1802 898 1862 934 per
1890 896 2038 920 mensem

193 950 370 984 iniuediate
399 954 605 995 sequentem,
636 961 732 995 quem
761 951 808 983 eis
837 960 896 995 pro
924 952 1112 984 monicione
1145 953 1305 984 canonica
1334 955 1365 983 et
1402 952 1540 984 termino
1577 951 1798 995 peremptorie
1834 947 2037 994 prefigimus.

193 1010 326 1045 Extunc
355 1009 716 1045 excommunicacionis
745 1012 926 1053 sentencia,
957 1021 1053 1056 quam
1082 1013 1114 1044 in
1152 1022 1211 1045 eos
1249 1021 1384 1044 exnunc
1422 1014 1516 1056 prout
1553 1014 1688 1043 extunc.
1727 1009 1811 1042 dicta
1849 1011 2038 1042 monicione

194 1074 356 1105 canonica
386 1074 499 1117 preuia
528 1070 737 1118 presentibus
766 1071 964 1116 proferimus
994 1071 1138 1105 incidant
1166 1074 1239 1117 ipso
1269 1071 1375 1105 facto.
1414 1071 1532 1104 dictam
1563 1073 1666 1104 eciam
1696 1071 1925 1115 suspensionis
1955 1079 2039 1102 sen-

194 1135 338 1167 tenciam
366 1143 482 1166 omnes
512 1134 683 1165 incurrere
703 1132 867 1174 volumus.
897 1134 951 1177 qui
979 1131 1134 1177 predictis
1164 1135 1336 1177 suspensis
1365 1136 1395 1165 et
1425 1132 1722 1165 excommunicatis
1757 1129 1940 1163 huiusmodi
1961 1140 2041 1162 sus-

194 1196 355 1238 pensione
385 1197 416 1226 et
443 1194 795 1226 excommunicacione
825 1192 962 1226 durante
999 1192 1217 1237 quottidianas
1253 1192 1509 1226 distribucioues
1546 1202 1649 1238 panes
1686 1195 1717 1223 et
1753 1190 1920 1224 offertoria
1957 1201 2040 1236 pre-

196 1256 398 1299 sumpserint
426 1256 624 1287 ministrare.
654 1252 689 1287 In
720 1263 859 1298 quorum
889 1255 1033 1286 omnium
1062 1257 1256 1298 perpetuam
1282 1255 1330 1286 rei
1350 1255 1542 1286 memoriam
1563 1256 1708 1285 nostrum
1730 1255 1763 1284 et
1782 1251 1914 1297 capituli
1934 1253 2039 1284 nostri

195 1314 310 1358 Sigilla
335 1313 545 1360 presentibus
575 1318 650 1348 sunt
678 1324 837 1359 appensa.
867 1312 1003 1359 Nosque
1031 1312 1202 1347 Johannes
1232 1317 1418 1359 prepositus
1449 1317 1478 1346 et
1499 1312 1673 1358 capitulum
1696 1315 1875 1344 memorate
1896 1311 2040 1345 ecclesie

197 1374 430 1408 Olomucensis
459 1373 668 1420 presentibus
697 1377 993 1419 recongnoscimus
1023 1377 1054 1406 et
1082 1372 1222 1407 fatemur
1256 1373 1486 1419 Snprascripta
1515 1375 1623 1406 omnia
1662 1377 1692 1405 et
1721 1373 1849 1416 singula
1884 1372 1922 1404 ad
1952 1374 2042 1417 peti—

195 1438 324 1468 cionem
355 1439 386 1468 et
414 1437 608 1469 instanciam
638 1439 783 1468 nostram
813 1446 873 1481 per
900 1433 1133 1468 Reuerendum
1164 1437 1195 1467 in
1225 1433 1353 1468 Christo
1382 1437 1506 1479 patrem
1536 1437 1566 1466 et
1605 1432 1768 1466 dominum
1799 1437 1945 1465 nostrum
1977 1431 2041 1465 do-

195 1499 317 1530 miuum
345 1495 531 1530 Johannem
561 1498 749 1541 episcopum
780 1494 1037 1529 Olomucensem
1066 1505 1143 1528 esse
1163 1499 1194 1528 et
1213 1494 1317 1528 fuisse
1346 1494 1432 1528 facta
1461 1498 1494 1527 et
1521 1492 1701 1540 approbata
1724 1520 1730 1525 .
1757 1493 1891 1526 decreta
1921 1497 2040 1526 statuta

196 1561 227 1590 et
256 1557 416 1591 ordinata.
464 1556 505 1590 Et
533 1559 582 1591 sui
611 1561 708 1603 atque
736 1558 841 1590 nolsri
871 1556 1001 1601 capituli
1031 1555 1210 1599 sigillorum
1240 1558 1444 1601 appensione
1474 1557 1598 1588 munita
1634 1557 1667 1587 in
1702 1556 1922 1587 testimonium
1958 1564 2042 1598 pre-

195 1620 384 1652 missorum.
440 1618 561 1651 Actum
591 1622 622 1651 et
651 1616 761 1651 datum
789 1619 822 1650 in
851 1616 1033 1650 Olomuncz
1069 1618 1169 1650 Anno
1198 1616 1319 1650 domini
1349 1615 1524 1650 ltlillesimo
1555 1614 1650 1648 CCC⁰
1679 1617 1951 1660 quinquagesimo
1981 1625 2043 1648 se-

197 1677 305 1712 cundo
333 1678 385 1712 die
413 1678 493 1712 XIII
521 1681 645 1712 mensis
676 1677 920 1722 Decembris.*)

505 1756 577 1791 (Ans
609 1756 672 1782 dem
700 1755 900 1782 handsehriftl.
926 1756 1023 1781 Codex
1047 1756 1097 1781 des
1122 1756 1187 1782 XV.
1213 1756 1313 1781 Jahrb.
1346 1755 1530 1781 ..Innocentii
1562 1755 1613 1780 lv.
1644 1754 1759 1780 Summa
1788 1754 1982 1788 p(i:11itentiae“
2015 1753 2042 1778 iu

609 1809 660 1835 der
684 1808 711 1836 k.
735 1808 763 1836 k,
790 1808 940 1834 Olinu'tzer
964 1807 1131 1834 Bibliothek
1156 1808 1190 1833 II.
1222 1808 1258 1834 ΙΙ,
1284 1807 1346 1842 21.)

1077 1962 1179 1997 lso.

201 2041 420 2077 Hz'storisclze
450 2040 563 2074 Daten
593 2041 658 2074 und
685 2041 833 2075 Notizen
863 2052 924 2074 aus
954 2041 1025 2074 dem
1055 2039 1315 2084 Losunysbuelee
1344 2041 1403 2072 clei·
1433 2039 1535 2073 Staclt
1558 2039 1688 2081 Brenn,
1721 2038 1846 2072 welche
1875 2038 1936 2071 das
1955 2038 2044 2071 Jalu-

973 2101 1070 2135 1352
1101 2101 1275 2145 belreffen.

355 2179 430 2213 Fol.
463 2178 508 2213 73
527 2178 556 2213 b.
597 2178 704 2212 Primo
733 2179 883 2213 dominus
914 2178 1062 2213 Marchio
1091 2189 1164 2212 cum
1194 2178 1358 2212 Brunnam
1394 2180 1484 2211 venit
1514 2179 1602 2211 circa
1633 2179 1898 2222 assuinpcionem
1928 2181 2043 2211 sancte

203 2240 308 2274 lllarie
337 2239 516 2273 honoratus
545 2238 603 2273 fuit
632 2250 705 2273 cum
734 2239 757 2272 L
787 2242 908 2283 aureis,
945 2242 997 2285 qui
1036 2239 1158 2273 faciunt
1186 2239 1218 2272 X
1246 2250 1325 2272 mar.
1357 2244 1388 2271 et
1415 2238 1447 2271 X
1475 2250 1526 2283 gr.
1556 2259 1604 2263 -
1634 2238 1714 2272 Item
1746 2238 1890 2271 Borniko
1920 2236 2044 2270 Came—

205 2305 313 2335 rarius
342 2300 523 2334 honoratus
552 2300 610 2334 fuit
639 2311 712 2333 cum
740 2300 771 2334 X
800 2303 922 2343 aureis,
953 2303 1017 2346 qui·
1035 2300 1160 2334 faciunt
1188 2299 1217 2333 ΙΙ
1246 2311 1326 2333 mar.
1357 2304 1389 2333 et
1417 2299 1447 2333 11
1476 2310 1525 2344 gr.
1560 2320 1602 2323 —
1634 2299 1714 2332 Item
1745 2299 1830 2332 (lom.
1861 2298 2043 2332 Marchioni

204 2365 236 2395 in
265 2361 442 2395 Natiuitate
471 2360 590 2395 Christi
625 2363 789 2407 propinati
823 2365 897 2395 sunt
936 2360 960 2394 C
989 2364 1080 2394 aurei
1116 2365 1147 2394 et
1185 2360 1316 2394 domine
1345 2359 1586 2394 Mai-cliionisse
1615 2358 1713 2393 XXX
1742 2362 1795 2404 qui
1824 2358 2043 2404 computando

407 2475 439 2510 ἦε)
464 2476 507 2501 Im
534 2475 679 2510 „Granum
705 2471 914 2500 Olomucense“
946 2474 975 2499 in
999 2474 1050 2500 der
1074 2473 1165 2500 Boek.
1191 2473 1355 2507 Sammlung
1379 2473 1444 2505 (ΝΤ.
1473 2469 1589 2510 12232)
1614 2472 1651 2498 ist
1675 2472 1726 2497 das
1753 2470 1856 2498 Datum
1883 2470 2043 2497 MCCCLII

462 2527 508 2552 die
532 2527 606 2553 XIII
630 2526 734 2552 mensis
759 2525 1007 2560 Septembris.
