2206 2735
1104 61 1151 92 99

206 175 279 204 tuas
309 175 460 216 patentes
489 171 599 204 literas
628 175 682 204 tuo
712 173 809 214 signo
838 174 987 215 signatas
1018 182 1076 216 per
1104 174 1272 217 proprium
1301 175 1447 206 nuntium
1469 176 1664 218 quantocius
1693 174 1862 208 destinare
1882 181 2048 220 procuretq

205 230 358 276 quodque
395 242 454 276 per
491 230 554 264 hoc
592 230 775 264 venerabili
813 230 904 264 fratri
947 235 1059 264 nostro
1090 259 1095 265 .
1129 259 1135 264 .
1168 232 1434 278 Arcliiepiscopo
1474 233 1616 277 Prageu.
1653 238 1704 268 cui
1740 235 1868 280 prefata
1905 236 2048 269 ecclesia

205 292 444 337 metropolitico
473 294 543 324 iure
572 291 713 325 subesse
741 291 926 325 dinoscitur
954 292 1075 324 nullum
1105 295 1316 338 imposterum
1347 294 1560 338 prciudicium
1589 300 1779 338 generetur.
1811 296 1928 329 Datum
1958 298 2049 330 Avi—

204 355 303 387 nione
332 352 376 386 111
406 351 574 385 Kalendas
602 351 750 385 Januarii
780 352 878 386 Anno
908 352 1057 385 Decimo.

512 429 587 464 (Aus
611 430 665 455 den
698 430 776 464 Orig.
801 431 947 464 Regesten
973 430 1105 456 Clemens
1129 431 1180 456 VI.
1204 434 1272 458 tom.
1298 432 1324 462 3,
1355 440 1431 465 pars.
1457 432 1483 463 ⁴2,
1515 432 1598 465 epist.
1625 432 1694 463 361,
1726 442 1792 465 pag.
1818 434 1871 458 7:32
1906 435 2048 461 vidiiiiirte

615 481 654 506 Co
660 481 705 518 pie
736 482 771 507 im
800 482 1059 512 Landesarchive.)

1077 627 1179 662 135.

202 713 419 748 Historisclee
447 713 563 748 Daten
591 713 657 747 und
683 713 833 747 Notiz-en
861 724 924 747 aus
952 714 1026 747 dem
1056 713 1318 759 Losunqsbnclze
1345 715 1407 748 der
1435 715 1539 749 Stmlt
1566 715 1696 759 Brnnn,
1726 716 1853 750 'welche
1881 718 1942 751 das
1961 717 2049 751 Jahr

975 774 1069 807 1351
1103 774 1279 819 betreffen.

355 869 429 903 Fol.
462 869 519 903 70.
562 850 651 902 'tem
682 868 907 915 Scriptoribus
937 869 1024 903 dom.
1055 869 1260 905 Mai-chionis
1289 870 1329 904 de
1358 871 1452 904 litera
1473 882 1575 916 super
1593 872 1731 916 vngelto
1751 874 2047 918 pauimentacionis

201 929 230 962 V
261 941 392 964 marcas
422 929 473 963 die
501 932 738 976 concepcionis
766 929 796 964 h.
827 933 931 964 marie
968 933 1118 975 virginis.
1153 951 1194 955 —
1226 931 1307 965 Item
1344 932 1470 965 eisdem
1508 932 1726 978 scriptoribus
1767 943 1827 978 pro
1861 932 2047 978 priuilegio,

200 990 285 1036 quod
315 990 537 1025 Menesenses
566 991 607 1024 de
635 989 756 1024 Cetero
783 989 869 1025 Jura
898 993 930 1025 in
960 990 1070 1024 Bruua
1099 994 1262 1038 recipiant
1290 991 1320 1026 II
1348 1003 1480 1026 marcas
1509 995 1540 1026 in
1577 993 1691 1036 vigilia
1725 992 1798 1026 Nat.
1837 993 1969 1027 domini.
2003 1014 2045 1018 —

199 1050 279 1084 Item
309 1053 428 1084 nuncio
457 1056 591 1097 propter
619 1051 699 1085 Jura
728 1051 876 1085 Ciuitatis
905 1054 938 1085 in
969 1051 1141 1086 Polierlicz
1169 1055 1200 1086 in
1232 1053 1390 1099 Auspecz
1419 1058 1451 1087 et
1479 1056 1511 1087 in
1540 1053 1766 1100 Eybanczicz.
1800 1074 1842 1078 —-
1874 1053 1953 1088 Item
1984 1054 2049 1088 do-

200 1113 287 1144 mino
315 1110 499 1145 Marchioni
528 1123 588 1158 pro
624 1122 711 1146 nouo
745 1123 833 1146 anno
869 1115 1033 1158 propinati
1081 1117 1155 1147 sunt
1187 1112 1286 1146 XXX
1324 1113 1423 1147 modii
1461 1124 1580 1147 auene.
1613 1134 1654 1138 —
1687 1113 1768 1147 Item
1805 1113 2049 1149 Marchionisse

199 1170 334 1205 breuem
363 1183 506 1217 pannum
535 1172 576 1205 de
603 1172 765 1206 Bruchsel
792 1184 852 1219 pro
881 1172 927 1206 VI
956 1176 1088 1207 marcis.
1119 1194 1168 1199 --
1196 1173 1275 1207 Item
1305 1173 1488 1208 Bornikoni
1516 1185 1604 1208 nouo
1634 1174 1825 1208 Camerario
1860 1179 2048 1221 proprinate

199 1237 275 1266 sunt
304 1231 347 1266 ΙΙΙ
375 1244 499 1267 marce.
531 1254 574 1258 —
606 1233 688 1267 Item
717 1234 803 1267 dom.
834 1233 979 1268 Henrico
1009 1233 1198 1280 Cappelano
1229 1233 1314 1268 dom.
1344 1234 1548 1268 Illarchionis
1577 1234 1623 1268 III
1643 1234 1716 1269 fert.
1747 1239 1779 1268 et
1807 1236 1882 1268 loto.
1914 1255 1961 1259 —
1982 1235 2048 1269 Ju-

199 1295 259 1326 rati
289 1292 328 1326 ad
359 1295 576 1326 vocacionem
604 1292 808 1328 Marchionis
837 1296 969 1328 iuerunt
995 1296 1028 1328 in
1058 1294 1242 1328 Budwains
1281 1299 1313 1328 et
1349 1294 1484 1329 fuerunt
1519 1294 1676 1329 absentes
1712 1306 1770 1340 per
1806 1294 1870 1328 XV
1907 1295 1978 1329 dies
2015 1300 2048 1329 et

199 1352 432 1399 expenderunt
459 1352 507 1386 IX
535 1364 616 1387 mar.
646 1365 719 1388 cum
748 1354 857 1387 medio
886 1354 1015 1388 fertone
1045 1360 1077 1389 et
1114 1358 1241 1389 vectori
1281 1355 1298 1389 1
1340 1366 1421 1390 mar.
1451 1376 1501 1380 -—
1528 1354 1609 1389 Item
1645 1355 1731 1389 dom.
1768 1355 1952 1389 Mai-chioni
1986 1367 2047 1402 pro

199 1412 354 1458 Losunga
383 1412 464 1447 CCC
494 1425 605 1448 marce
634 1414 709 1448 date
738 1419 823 1449 sunt.
858 1435 900 1439 ——
931 1414 1013 1449 Item
1043 1415 1174 1450 domino
1204 1415 1380 1451 chunrado
1418 1418 1643 1462 proprinatum
1679 1421 1729 1451 est
1762 1419 1875 1450 vinum
1910 1428 2046 1461 grecum

199 1485 259 1520 pro
289 1473 415 1508 duabus
445 1477 578 1509 marcis.

506 1551 580 1591 (Aus
605 1554 667 1579 dem
694 1553 790 1580 Codex
816 1554 895 1588 Sign.
913 1555 952 1580 39
977 1555 1027 1580 des
1053 1555 1184 1580 Briinner
1208 1552 1452 1591 Stadtarchives.)

1072 1700 1177 1736 136.

946 1787 1004 1821 13.
1033 1787 1166 1821 Jcinner
1196 1787 1306 1821 1352.

355 1861 526 1915 Karoius
555 1886 619 1915 etc.
650 1882 772 1916 Abbati
801 1888 833 1916 et
866 1884 1043 1916 conuentui
1078 1881 1274 1917 Monasterii
1308 1887 1496 1917 sanctorum
1532 1883 1703 1928 Jeronynii
1739 1882 1849 1928 Cyrilli
1887 1881 2045 1915 Metliudii

200 1944 232 1973 et
262 1940 413 1986 Procopii
451 1945 663 1986 patronorum
698 1947 885 1976 nostrorum
917 1970 924 1977 .
955 1970 961 1976 .
995 1970 1002 1976 .
1033 1942 1148 1977 damus
1179 1971 1185 1976 .
1217 1970 1223 1976 .
1254 1946 1285 1976 in
1320 1943 1537 1977 hereditatem
1573 1948 1768 1989 perpetuam
1804 1942 1912 1976 villam
1947 1941 2045 1976 Mor-

201 2011 319 2046 zynam
349 2004 506 2035 maiorem
537 2013 610 2035 cuni
641 2002 737 2036 XXX
765 2003 870 2037 laneis
900 2008 988 2037 terre
1016 2003 1226 2038 censualibus
1257 2032 1263 2038 .
1294 2030 1302 2038 .
1332 2009 1364 2038 et
1392 2003 1423 2037 V
1451 2004 1555 2038 laneis
1592 2003 1716 2045 liberis,
1756 2014 1890 2048 quorum
1913 2002 2045 2047 quilibet

200 2065 345 2094 continet
373 2066 406 2095 et
433 2065 603 2095 continere
633 2063 729 2096 debet
758 2066 931 2098 me‘nsuras
960 2075 1019 2098 seu
1049 2064 1235 2099 strichones
1263 2065 1446 2109 vulgariter
1474 2063 1577 2098 dictos
1606 2064 1713 2098 LXIV
1742 2067 1830 2097 iuxta
1868 2064 1953 2097 illius
1990 2064 2045 2096 di-

200 2124 333 2155 strictus
361 2122 633 2156 consuetudinem
651 2123 775 2157 diucius
803 2124 1020 2170 approbatam
1051 2152 1057 2158 .
1090 2152 1096 2158 .
1129 2152 1135 2157 .
1166 2124 1335 2159 Postremo
1364 2125 1478 2158 damus
1508 2151 1515 2158 .
1547 2151 1554 2158 .
1584 2125 1690 2158 eidem
1711 2123 1914 2158 Monasterio
1933 2124 2044 2157 villam

200 2181 381 2215 Morzinam
410 2185 570 2216 minorem
604 2194 676 2217 cum
714 2183 811 2217 XVII
844 2184 950 2218 laneis
981 2213 987 2218 .
1019 2213 1026 2219 .
1059 2212 1064 2218 .
1096 2185 1136 2218 de
1164 2185 1281 2230 quibus
1311 2186 1392 2220 duos
1421 2195 1480 2231 pro
1516 2185 1636 2219 iudicio
1673 2190 1706 2218 et
1734 2185 1840 2218 iudice
1876 2189 1909 2218 et
1942 2196 2041 2218 vuum

200 2253 260 2287 pro
288 2245 522 2276 communitate
551 2254 610 2276 seu
648 2243 687 2276 ad
727 2254 805 2277 vsus
842 2244 921 2278 ville
956 2249 989 2278 et
1021 2256 1081 2291 pro
1117 2248 1250 2291 pascuis
1288 2273 1295 2279 .
1327 2273 1334 2280 .
1366 2273 1372 2279 .
1411 2245 1565 2279 duximus
1600 2244 1834 2279 decernendos
1871 2273 1876 2277 .
1908 2272 1915 2278 .
1947 2272 1952 2278 .
1990 2244 2041 2277 Dt.

202 2302 308 2345 Prage
339 2301 435 2336 1352
465 2302 580 2336 Indict.
610 2302 652 2338 V.
682 2302 791 2337 Idibus
818 2303 978 2339 Januarii.

508 2380 710 2415 (Abgedruckt
736 2382 763 2406 In
788 2381 893 2407 Pelzl's
917 2383 989 2408 Karl
1014 2384 1069 2411 tv..
1097 2383 1328 2409 Urkundenbuch
1354 2382 1374 2410 I.
1397 2384 1462 2418 Th„
1487 2394 1511 2418 p.
1542 2385 1599 2409 106
1622 2390 1628 2415 J
