2206 2735
1110 73 1178 107 251

216 185 350 231 lmpcrii
390 185 429 218 ab
470 185 630 230 impedire
677 196 821 228 grauare
869 186 921 219 vel
968 186 1165 230 perturbare
1212 186 1402 220 volentibus
1438 192 1579 233 tueatur7
1620 192 1702 223 sicut
1742 196 1948 225 nostramet
1990 199 2076 228 sacri

218 246 358 280 Romani
407 246 540 291 lmperii
586 256 724 289 grauem
773 245 1042 290 indignacionem
1082 251 1112 279 et
1144 275 1150 280 .
1183 274 1189 279 .
1220 273 1228 279 .
1286 246 1462 292 Imperiale
1501 250 1641 283 voluerit
1671 254 1810 294 euitare,
1845 253 1930 299 quod
1961 260 2077 288 contra

215 306 342 340 faciens
385 310 447 340 nisi
490 306 531 339 de
569 306 657 339 illata
687 309 806 340 iniuria
837 311 1067 352 competenter
1106 307 1308 341 satisfecerit
1344 308 1428 341 infra
1468 321 1630 343 mensem.
1675 324 1715 344 eo
1757 315 1830 358 ipso
1873 325 1910 348 se
1948 319 2077 350 nouerit

216 371 436 401 incursurum.
493 366 617 400 Verum
655 370 729 411 quia
767 378 882 412 parum
921 366 1059 413 prodest
1096 366 1266 401 libertates
1305 369 1495 403 concedere
1523 373 1586 403 nisi
1617 374 1658 404 sit
1686 376 1739 416 qui
1770 378 1899 407 tueatur
1929 376 2077 420 casdem²

215 431 387 461 statuimus
417 431 447 460 ut
479 438 698 473 quoscunque
729 430 896 473 principes
927 427 1023 461 Sacri
1052 427 1184 473 Imperii
1207 428 1327 462 fratres
1348 431 1400 463 vel
1432 442 1569 464 sorores
1591 436 1762 466 memorati
1793 433 1927 469 Ordinis
1957 441 2076 483 requi-

215 487 337 521 rendos
367 487 534 520 duxerint.
566 487 595 520 lii
627 488 666 521 ad
697 499 812 522 eorum
843 491 1039 521 instanciam
1070 488 1131 521 bac
1160 493 1273 522 nostra
1303 493 1454 523 iussione
1474 496 1506 524 et
1526 491 1726 526 authoritate
1747 494 1819 527 l'reti
1841 496 2076 532 molestatores

216 559 329 581 eorum
359 547 398 580 ad
430 559 522 581 suam
554 559 681 581 vocare
710 552 920 594 presenciam
942 553 973 582 et
1002 552 1206 593 cognicione
1227 561 1404 584 causarum
1435 563 1473 584 ac
1505 555 1640 586 racione
1672 557 1784 598 preuia
1816 556 1854 588 ad
1877 559 2075 602 condignam

215 620 315 654 snper
345 608 441 642 illatis
471 609 740 642 satisfaccionem
772 610 904 643 valeant
933 610 1137 655 compellere
1166 615 1199 643 et
1228 613 1333 643 eciam
1365 615 1552 646 teneantur.
1584 613 1668 647 Nulli
1691 626 1772 657 ergo
1802 620 1936 650 omnino
1965 618 2076 652 liomi-

213 680 289 702 num
319 669 417 702 liceat
446 669 533 703 hane
564 672 718 715 paginam
749 674 862 703 nostre
892 673 1074 703 maiestatis
1104 670 1288 715 infringere
1309 676 1363 705 ant
1390 675 1418 705 ei
1449 676 1565 718 quouis
1587 685 1668 707 ausu
1693 679 1870 709 temerario
1899 683 2074 714 contraire.

215 730 250 763 Si
280 733 353 775 quis
393 734 500 763 autem
540 734 742 764 eontrarium
779 735 942 764 attentare
981 734 1223 776 presumpserit
1266 733 1536 777 indignacionem
1568 739 1715 769 nostram
1755 741 1786 769 et
1814 742 1928 783 preter
1956 751 2074 784 penam

214 791 437 836 supradictam
467 802 586 836 penam
617 796 747 825 centum
779 802 964 825 marearum
995 795 1063 826 auri
1101 795 1193 837 puri*
1240 796 1332 826 cuius
1363 794 1523 828 medietas
1552 798 1651 829 erarii
1681 800 1783 830 nostri
1815 809 1875 830 sen
1905 799 1973 833 lisci
2003 800 2074 834 Im—

215 851 349 897 perialis
379 851 502 896 reliqua
539 862 621 884 vero
660 852 804 885 lesorum
852 852 966 885 usilius
1011 853 1196 898 applicetur
1243 864 1280 886 se
1318 857 1450 888 nouerit
1488 859 1592 889 tocies
1631 860 1770 901 quocies
1800 863 1915 892 contra
1944 860 2073 905 lecerit,

214 911 485 946 irremissibiliter
530 915 722 946 incurrisse.
780 912 919 956 Signum
958 913 1170 946 Serenissimi
1208 913 1372 959 Principis
1415 920 1446 948 et
1484 915 1614 950 Domini
1652 917 1782 951 Domini
1818 918 1930 953 Karoli
1969 927 2074 965 quarti

215 973 439 1007 Romanorum
477 973 691 1019 Imperatoris
729 973 941 1007 Inuictissiini
980 978 1010 1006 et
1042 973 1287 1009 Gloriosissimi
1317 975 1455 1009 Boeniie
1484 976 1600 1021 Regis.
1657 978 1760 1012 Huius
1789 983 1837 1013 rei
1866 984 1971 1014 testes
2001 988 2074 1017 snut

215 1033 425 1067 Venerabilis
463 1033 627 1067 Ernestus
667 1032 846 1076 Prageusis
884 1033 1181 1081 ,archiepiscopus
1231 1047 1269 1068 ae
1308 1035 1481 1070 Joliannes
1520 1037 1813 1073 Lutomisclilensis
1851 1042 1925 1075 aule
1960 1048 2074 1077 nostre

212 1095 446 1127 cancellarius.
495 1094 725 1128 Theudoricus
764 1093 947 1128 Mindensis
986 1094 1144 1141 Episcopi
1181 1107 1220 1129 ac
1255 1096 1406 1131 Illustres
1439 1097 1542 1131 Bollzo
1575 1099 1852 1135 Swidniczensis.
1901 1102 2072 1138 Johannes

212 1155 375 1201 Oppauie.
425 1154 530 1187 Bolko
561 1153 882 1199 Fallienbergeusis.
933 1156 1101 1189 Prziemisl
1132 1155 1373 1191 Thessinensis
1404 1158 1516 1191 Duces
1547 1170 1585 1191 ac
1615 1160 1826 1205 Spectabiles
1857 1162 2070 1198 Bureliardus

214 1215 374 1259 Mag-ister
411 1219 502 1249 curie
547 1220 660 1249 nostre
704 1221 735 1248 et
769 1216 942 1250 Johannes
982 1216 1287 1261 magdeburgensis
1325 1223 1355 1252 et
1386 1218 1544 1253 Albertus
1584 1220 1624 1253 de
1654 1221 1776 1255 Anlialt
1806 1223 1963 1258 Comites.
2019 1227 2071 1259 Ac

212 1276 349 1310 v'Nobiles
381 1276 513 1310 Rusclio
543 1277 584 1310 de
614 1276 822 1310 W'elliarticz
853 1277 965 1311 Hasce
994 1278 1035 1310 de
1066 1279 1313 1324 Swyerzieticz
1343 1279 1496 1325 Magistri
1526 1293 1662 1315 camere
1683 1287 1807 1316 nostre.
1839 1283 2012 1320 Joliannes
2032 1287 2072 1320 dc

212 1337 422 1382 Rosenberg.
480 1337 646 1371 Heuricns
684 1339 725 1372 de
762 1338 856 1372 Noua
886 1338 1003 1373 Domo.
1062 1339 1256 1374 Herbordus
1287 1341 1327 1374 de
1356 1340 1532 1375 Janowirz
1562 1345 1732 1388 principes
1762 1348 1792 1377 et
1822 1344 1936 1378 lideles
1967 1350 2070 1380 nostri

211 1399 322 1432 dilecti
351 1403 382 1431 et
413 1399 466 1431 alii
496 1410 592 1443 quam
622 1400 744 1444 plures.
777 1399 989 1433 Presencium
1021 1404 1125 1434 eciam
1156 1401 1217 1435 snb
1247 1401 1333 1435 hulla
1363 1414 1463 1436 aurea
1494 1403 1714 1449 Imperatorio
1743 1410 1858 1439 nostre
1887 1410 2069 1441 maiestatis

211 1463 372 1505 impressa
403 1462 589 1493 testimonio
619 1460 798 1494 literarum.
856 1460 973 1494 Datum
1011 1461 1120 1506 Frage
1149 1462 1250 1495 Anno
1280 1462 1401 1496 domini
1431 1463 1608 1498 Millesimo
1638 1469 1872 1499 trecentesimo
1902 1470 2070 1513 quinqua—

209 1523 341 1564 gesimo
372 1523 484 1565 quinto
514 1519 641 1554 Octaua
673 1521 861 1554 indiccione
889 1521 920 1555 X
950 1522 1116 1556 Kalendas
1146 1522 1355 1568 Septembris
1386 1524 1580 1568 Regnorum
1611 1530 1798 1559 nostrorum
1821 1526 1961 1561 Romani
1983 1540 2070 1562 anno

211 1581 351 1614 decimo.
383 1580 519 1614 Boemie
548 1592 636 1614 nono
666 1581 799 1627 Imperii
830 1593 912 1615 vero
942 1585 1058 1627 primo.

471 1641 534 1674 Per
563 1642 729 1675 dominum
760 1642 1080 1677 Lutomiselilensem
1110 1643 1324 1690 Episcopum.
1372 1644 1527 1679 Nicolaus
1557 1646 1597 1679 de
1627 1646 1806 1681 Chremsir.

519 1721 688 1751 (Absclirifr
714 1722 741 1746 in
767 1722 817 1747 «lor
845 1724 910 1749 1300.
936 1723 1042 1754 Samlg.
1069 1722 1118 1750 ΧΓ.
1145 1723 1226 1748 5455
1252 1723 1288 1749 iin
1316 1724 1574 1751 Laudvsarchiviffi

1037 1869 1145 1904 31⁴.

950 1954 1009 1988 26.
1040 1956 1178 2000 Αυῃαεί
1208 1957 1318 1991 1355.

358 2027 530 2082 Karolns
559 2048 618 2082 lv.
649 2049 875 2084 Romanorum
916 2053 1096 2097 imperator
1134 2054 1271 2085 innovat
1312 2053 1417 2087 l'oedus
1447 2066 1534 2088 anno
1567 2056 1662 2089 1347
1695 2069 1768 2090 eum
1799 2057 1953 2091 Jobanne
1983 2070 2065 2103 rege

208 2106 359 2141 Francia*
406 2111 504 2141 ictum
552 2109 677 2143 addens
724 2110 767 2143 illi
805 2111 963 2156 quasdam
1001 2122 1108 2146 novas
1145 2113 1355 2147 conditiones
1398 2119 1429 2148 et
1467 2117 1636 2150 articulos.
1695 2117 1784 2151 Inter
1813 2123 1916 2152 testes
1945 2120 2065 2164 legitur

206 2168 385 2202 doleamne-s
414 2172 596 2214 episeopus
627 2171 871 2206 Oleniae-ensis.
929 2171 997 2206 Sub
1035 2183 1137 2206 aurea
1174 2172 1261 2208 bulla
1292 2174 1411 2209 Datum
1441 2176 1558 2221 Pragae
1591 2178 1687 2211 13:35
1718 2178 1900 2212 indictione
1929 2185 2064 2214 octava.

208 2231 350 2274 septimo
381 2229 450 2264 Kal.
483 2230 701 2276 Septembris.

517 2308 591 2345 (Ans
619 2312 719 2337 PslVil.
747 2311 817 2343 Rea,
846 2314 905 2338 izuh
943 2313 1074 2339 {thur-011.
1103 2316 1139 2341 Π.
1175 2316 1240 2342 VH.
1268 2317 1305 2341 ‘2⁸
1333 2326 1358 2349 3¹.
1386 2317 1443 2341 414
1472 2317 1507 2342 lii·
1536 2318 1782 2346 Iszxitlesaztliu„
