2206 2735
1119 76 1190 110 227

224 188 283 221 bus
313 192 343 221 in
374 191 443 233 ipsa
476 188 619 222 sivit-ate
649 188 786 221 Situatis
815 191 910 221 trium
940 186 1126 221 Marcaruin
1166 187 1323 221 censibus
1371 190 1489 221 annuis
1535 187 1713 222 Solvendis
1744 188 1784 222 de
1814 186 1917 221 trihus
1946 186 2082 220 Molen-

224 249 307 281 dinis
339 254 416 281 antc
446 248 623 282 Civitatem
652 250 684 281 in
714 248 788 281 loco
817 251 870 293 qui
897 247 1016 280 dicitur
1053 247 1270 292 quadraginta
1306 248 1391 281 lanei
1425 251 1507 290 sitis,
1543 253 1681 292 quatuor
1718 249 1824 282 laneis
1854 251 1926 282 sive
1954 250 2080 282 mansis

224 320 379 352 agi-orum
407 313 528 354 praeter
556 312 624 341 tres
662 310 778 352 virgas
817 311 848 341 in
891 306 1009 340 eodem
1049 307 1123 341 loco
1165 307 1384 353 quadraginta
1427 307 1596 342 laneorum
1636 311 1819 342 constitutis
1848 313 1924 342 octo
1952 310 2081 352 grossis

226 382 323 402 annui
353 372 464 403 censis
494 368 665 402 solvendis
695 368 735 402 de
764 368 955 402 Molendino
985 367 1070 412 quod
1101 368 1284 412 vulgariter
1312 371 1504 402 nominatur
1539 368 1739 411 Casteniueb
1775 380 1897 413 niagno
1926 372 2021 414 prato
2050 371 2082 401 in

226 434 386 476 superiori
417 434 509 475 parte
537 435 613 463 ante
642 432 809 463 civitatem
840 434 872 462 et
900 431 1035 474 antiqua
1065 440 1144 462 area
1177 427 1357 462 Molendini
1395 432 1492 462 trium
1529 433 1675 462 rotarum
1713 432 1744 462 in
1780 429 1924 471 Brisow‚
1960 432 2023 462 rite
2051 433 2083 462 et

226 489 473 523 racionabiliter
500 490 709 523 vendidimus
737 500 797 536 pro
827 489 988 523 Ducentis
1018 489 1142 523 Marcis
1171 499 1368 533 grossorum
1398 489 1608 523 denariorum
1643 489 1864 534 Pragensium
1893 492 2021 523 numeri
2050 494 2083 523 et

226 553 414 596 pagamenti
442 549 604 583 Moravici
635 549 737 584 Nobis
766 553 896 594 integre
924 549 1101 595 persolutis
1134 560 1175 582 ac
1212 549 1304 583 titulo
1335 550 1431 593 justae
1469 549 1671 583 venditionis
1706 549 1900 583 tradidimus
1936 550 2082 583 discreto

226 613 296 644 viro
327 610 480 644 Cunrado
524 611 563 644 de
605 610 801 657 Lytlioinysl
839 610 925 644 fideli
964 614 1078 644 nostro
1115 609 1235 644 dilecto
1270 612 1394 643 ementi
1423 615 1456 643 et
1484 613 1657 656 recipienti
1686 620 1745 656 pro
1775 621 1812 644 se
1843 609 2021 644 heredibus
2050 614 2082 643 et

225 672 478 705 successoribus
509 675 577 705 suis
607 672 645 705 ad
675 670 862 705 habendum
892 670 1070 705 tenendum
1099 670 1282 715 regendum
1321 669 1544 704 utifruendum
1574 675 1605 704 et
1633 670 1715 704 Jure
1744 673 1878 717 proprio
1908 682 1948 704 ac
1977 670 2082 704 here-

224 732 341 764 ditario
371 734 400 764 in
432 737 627 777 perpetuum
656 731 894 777 possidendum
924 731 1064 777 pacifice
1093 736 1125 765 et
1162 734 1284 776 quiete.
1315 731 1350 764 In
1380 734 1472 765 cuius
1501 734 1550 765 rei
1578 734 1804 765 testimonium
1835 737 1867 765 et
1895 731 2079 765 firmitatem

223 796 418 837 perpetuam
455 797 641 838 praesentes
675 792 801 825 litteras
844 792 914 825 fieri
955 797 988 825 et
1031 791 1222 836 Sigillorum
1265 797 1455 825 nostrorum
1498 795 1706 838 appensione
1735 794 1898 836 jussimus
1931 792 2080 826 roborari

227 853 445 886 l'raesqubus
489 852 628 886 testibus
658 852 878 898 infrascriptis
909 852 1065 886 videlicet
1094 852 1247 886 Strenuis
1278 855 1360 886 viris
1390 853 1522 886 domino
1541 852 1687 887 Henrico
1708 853 1748 886 de
1767 852 1928 895 Fridlant,
1949 853 2080 886 domino

227 913 404 946 Waltliero
434 913 474 946 de
504 912 719 956 Fullenstein‚
749 912 882 946 domino
912 912 1165 946 Wenczuschio
1195 912 1236 946 de
1265 912 1390 947 Borow
1427 912 1583 947 Militibus
1611 912 1752 947 Nicolao
1783 912 1952 955 Schenke,
1995 912 2081 946 Jen-

224 984 329 1006 czoue
359 973 399 1006 de
429 973 614 1013 Arnolticz,
645 972 784 1007 Nicolao
814 972 854 1006 de
882 972 1047 1019 Lapanicz
1084 972 1230 1007 Vasallis
1266 976 1389 1007 nostris
1427 973 1578 1008 fidelibus
1613 973 1741 1008 dilectis
1771 978 1803 1007 et
1832 973 1980 1020 pluribus
2009 974 2081 1007 aliis

225 1033 287 1066 lide
317 1033 425 1077 dignis
456 1061 462 1067 .
496 1033 612 1066 Datum
641 1033 791 1066 Modricz
822 1035 922 1067 Anno
952 1033 1072 1067 domini
1102 1033 1277 1068 Millesimo
1307 1034 1562 1069 Trecentesimo
1591 1037 1868 1081 quinquagesimo
1902 1039 2020 1080 quarto
2048 1038 2080 1068 in

224 1094 420 1128 Fesuvuate
450 1093 601 1128 Omnium
632 1099 837 1128 sanctorum.

531 1173 637 1209 (Kopie
662 1173 690 1197 in
715 1173 764 1198 der
789 1173 855 1198 Boc.
883 1172 1017 1206 Sammlg,
1044 1173 1093 1200 ΧΥ,
1123 1173 1223 1198 12159
1249 1174 1286 1199 im
1304 1171 1565 1213 Landesarchive.)

1102 1319 1210 1354 282.

223 1395 334 1440 Pap-rt
374 1395 547 1429 Innocens
599 1395 651 1429 Vl.
690 1396 826 1440 befielzlt
873 1397 942 1430 dem
980 1396 1073 1430 Abte
1117 1408 1181 1431 cota
1221 1397 1400 1431 Trebz'tsclz
1437 1402 1511 1445 (Ῡα,
1550 1399 1612 1432 den
1650 1399 1762 1433 Streit
1797 1397 1963 1432 z-wz'sclten
2000 1398 2072 1431 dem

224 1455 424 1500 Spilberqei·
451 1456 647 1500 Kapellatee
676 1457 742 1490 und
768 1457 840 1490 dem
867 1457 1012 1490 Kloster
1039 1457 1155 1491 Μανία
1185 1458 1276 1492 Saal
1302 1458 1479 1503 bezilqlc'ck
1505 1459 1565 1493 der
1584 1458 1773 1502 Ez'nlce'c‘nfte
1792 1459 1853 1492 cler
1873 1457 2076 1503 Spilberqer

466 1517 613 1561 Isopelle
642 1517 804 1562 endylltiy
833 1529 874 1551 zu
903 1518 1132 1552 entsclzee'den.
1163 1519 1222 1552 Dt.
1253 1519 1414 1564 sz'qieon
1442 1520 1476 1553 5.
1508 1519 1700 1553 November
1729 1519 1861 1552 1354..

384 1575 616 1629 lnnocencius
646 1595 834 1641 Episcopus
865 1607 982 1630 seruus
1011 1607 1183 1631 seruorum
1214 1598 1277 1632 dei.
1308 1598 1446 1633 Dilectis
1476 1598 1549 1632 siliis
1578 1597 1701 1632 Abbati
1724 1597 1919 1631 Monasterii
1940 1597 2074 1632 Trebe-

222 1658 352 1688 czensis
394 1661 425 1689 et
468 1659 634 1701 preposito
678 1658 717 1689 de
758 1656 895 1690 Reusch
937 1668 976 1691 ac
1018 1657 1291 1704 Archydyacono
1335 1658 1537 1704 Snoymensi
1570 1657 1798 1692 Ecclesiaruin
1838 1657 2072 1692 Oloniucensis

222 1715 377 1761 dyocesis
408 1717 547 1750 salutem
576 1722 608 1750 et
637 1718 853 1762 apostolicam
882 1717 1168 1752 benediccionem.

375 1775 583 1821 Conquestus
626 1783 677 1811 est
721 1778 816 1812 nobis
846 1778 1032 1824 Woyslaus
1072 1778 1193 1813 Jacobi
1236 1778 1362 1813 Rector
1405 1779 1539 1824 Capelle
1579 1782 1610 1812 in
1651 1778 1806 1824 Spilberk
1836 1777 2070 1813 Olomucensis

221 1836 379 1881 dyocesis
409 1838 492 1882 quod
524 1837 703 1872 Abbatissa
734 1843 764 1872 et
795 1838 987 1873 Conuentus
1022 1839 1217 1873 Monasterii
1256 1845 1372 1873 sancte
1401 1839 1507 1873 Marie
1536 1842 1568 1873 in
1596 1840 1743 1885 Antiqua
1772 1839 1906 1873 Brunna
1937 1838 2070 1873 Ordinis

221 1897 466 1943 Cysterciensis
497 1899 581 1932 dicte
611 1899 769 1945 dyocesis
813 1911 913 1945 super
954 1902 1051 1933 terris
1092 1900 1365 1946 possessionibus
1407 1899 1525 1934 debitis
1568 1904 1599 1933 et
1633 1899 1734 1934 rebus
1771 1900 1843 1934 aliis
1878 1899 1917 1933 ad
1948 1900 2067 1933 dictam

221 1958 387 2003 Capellam
421 1959 648 2004 spectantibus
678 1963 869 1993 imminuant
898 1960 1016 1994 eidem.
1074 1960 1220 2007 Ideoque
1256 1961 1455 1995 discrecioni
1491 1965 1604 1995 vestre
1639 1971 1698 2007 per
1733 1961 1914 2006 apostolica
1945 1963 2067 2006 scripta

221 2019 424 2053 mandamus.
462 2019 546 2064 quod
585 2019 732 2065 partibus
769 2024 962 2055 conuocatis
999 2021 1138 2054 audiatis
1175 2033 1312 2055 causam
1353 2027 1384 2055 et
1421 2021 1651 2067 appellacione
1688 2026 1814 2055 remota
1859 2020 1969 2054 debito
2004 2020 2069 2054 fine

220 2075 581 2115 ‹iecidatis'facientes.
613 2080 697 2126 quod
728 2081 955 2115 decreueritis.
985 2092 1044 2127 per
1072 2093 1247 2115 censuram
1279 2081 1549 2116 Ecclesiasticam
1569 2081 1739 2116 feruenter
1758 2081 1943 2125 obseruari,
1964 2086 2069 2115 testes

220 2142 340 2173 autem.
380 2142 433 2184 qui
471 2139 590 2173 fuerint
629 2143 798 2175 nominati.
836 2143 862 2174 si
899 2152 936 2174 se
973 2144 1086 2185 gracia
1120 2141 1195 2175 odio
1233 2143 1284 2176 uel
1328 2145 1444 2177 timore
1488 2142 1724 2185 subtraxerint,
1773 2153 1914 2176 censura
1960 2143 2067 2175 simili.

220 2199 449 2244 appellacione
479 2205 648 2242 cessante,
678 2206 842 2245 cogantur
871 2204 961 2235 vitati
991 2205 1214 2236 testiinonium
1242 2203 1418 2248 perhibere
1449 2231 1454 2236 .
1487 2202 1580 2244 Quod
1609 2206 1635 2237 si
1665 2214 1729 2237 non
1751 2213 1867 2236 omnes
1897 2202 1958 2236 hiis
1979 2213 2068 2235 exe—

220 2259 358 2304 quendis
389 2263 537 2305 poteritis
568 2264 743 2296 interesset
775 2261 837 2295 duo
866 2266 1015 2295 vestrum
1053 2262 1283 2297 nichilominus
1327 2268 1536 2309 exequantur
1572 2291 1578 2297 .
1615 2264 1732 2297 Datum
1768 2264 1937 2297 Auinione
1971 2265 2067 2296 nonis

219 2319 409 2354 nouembris
439 2319 647 2366 pontificatus
677 2324 781 2355 nostri
810 2333 896 2355 anno
931 2322 1089 2356 secundo.

531 2408 759 2443 (Eingesclialtet
783 2409 811 2434 in
836 2409 899 2434 dem
924 2410 1275 2443 Notariatsinstrumente⁷
1301 2411 1422 2437 welches
1446 2412 1517 2437 iiber
1541 2412 1587 2438 die
1612 2412 1827 2445 Eutscheidung
1851 2411 1946 2436 dieses
1971 2410 2069 2436 Streit-

632 2460 716 2486 falles
742 2468 786 2485 am
811 2461 860 2487 31.
886 2461 997 2487 Ja'niier
1023 2462 1102 2487 13:38
1129 2462 1418 2496 niedergeschriebcu
1444 2463 1564 2498 wurde.)

1865 2608 1923 2634 294²·
