2206 2735
1117 71 1191 107 197

231 188 385 219 contenta
416 188 447 218 et
475 194 519 217 ex
547 186 679 218 nomine
708 182 748 217 ad
777 182 1031 217 submissionem
1069 195 1156 230 pene
1194 187 1225 218 in
1264 183 1381 217 eodem
1410 187 1652 229 compromisso
1682 188 1714 217 et
1743 183 1877 217 arbitrio
1907 195 2076 229 expresse

231 249 382 291 patentes
428 247 579 290 superior
621 242 759 289 Capituli
797 247 830 277 et
872 246 972 289 patris
1016 243 1143 278 abbatis
1183 243 1364 278 eorundum
1410 243 1521 277 literas
1565 248 1640 277 ante
1685 244 1801 278 festum
1837 243 2076 290 penthecostes

230 307 384 350 proxime
413 304 555 338 futurum
586 306 657 337 sine
686 302 762 337 dolo
791 307 824 337 ct
852 302 967 337 fraude
996 302 1140 337 debeant
1168 304 1334 338 ordinare.
1391 302 1431 337 Et
1460 303 1522 337 hec
1552 306 1661 337 onmia
1699 304 1881 347 laudamus,
1930 304 2075 339 arbitra-

233 376 316 407 mur,
346 363 537 407 diffinimus,
567 363 705 397 dicimus
734 367 832 409 atque
868 366 1066 409 precipimus
1102 376 1161 410 per
1196 368 1307 410 partes
1336 364 1501 410 predictas
1533 368 1564 397 et
1593 375 1705 398 earum
1735 364 1899 410 quoslibet
1934 377 2076 400 succes-

233 436 329 459 sores
350 423 579 458 inuiolabiliter
599 423 670 457 sieri
692 428 724 457 et
752 427 979 469 inperpetuum
1009 423 1181 458 obseruari
1216 424 1275 458 sub
1305 436 1389 471 pena
1420 429 1655 458 sexcentarum
1685 436 1870 458 marcarum
1900 430 2076 471 sexaginta

233 490 373 530 quatuor
407 495 549 529 grossos
587 494 774 530 pragenses
812 483 968 518 denarios
1005 488 1040 518 vt
1075 495 1174 530 supra
1204 496 1263 532 pro
1294 497 1405 519 marca
1435 484 1578 530 qualibet
1607 486 1827 530 computando
1857 489 1888 519 in
1918 498 2077 532 compro-

214 549 336 579 ‘misso
372 547 524 591 apposita
561 547 593 578 in
632 545 771 589 singulis
806 544 956 589 capitulis
986 544 1072 578 laudi
1111 550 1143 579 et
1171 549 1412 592 compromissi,
1444 549 1470 580 si
1500 551 1707 580 contractum
1737 546 1836 580 fuerit
1865 550 1895 580 in
1927 552 1992 580 toto
2023 550 2076 582 vet

233 609 265 639 in
302 609 408 650 parte,
447 604 683 638 committenda
722 609 753 637 et
781 606 866 649 parti
895 609 1172 650 compromissum
1206 611 1238 640 et
1274 607 1402 641 laudum
1434 619 1493 641 seu
1522 608 1691 642 arbitrium
1721 611 1867 641 seruanti
1896 620 1954 653 pro
1984 614 2077 654 parte

233 676 300 699 non
334 669 496 699 servante
536 676 610 698 cum
646 663 816 698 refusione
863 667 1008 698 omnium
1054 665 1270 712 dampnorum
1314 678 1538 713 expensarum
1575 674 1605 702 et
1639 672 1813 703 interesse.
1844 680 1906 714 que
1935 674 1967 702 et
1996 682 2076 715 quas

233 728 340 772 ipsam
369 730 496 771 partem
535 728 724 759 seruantem
764 723 879 758 facere
913 728 1121 770 contingeret
1156 727 1209 760 vel
1243 730 1347 761 eciam
1378 732 1543 762 sustinere
1573 729 1715 775 dampna
1746 734 1777 762 et
1807 730 1968 763 soluenda
2000 736 2032 764 et
2060 744 2076 764 a

233 785 330 820 bonis
368 784 541 819 mobilibus
576 789 607 818 et
638 784 859 818 immobilibus
896 788 996 830 partis
1035 798 1099 820 non
1138 791 1305 821 seruantis
1340 792 1427 822 omni
1457 790 1553 823 modo
1583 795 1614 823 et
1642 790 1746 824 fornia
1776 793 1807 823 in
1837 796 2076 836 compromisso

234 849 406 892 expressis
453 856 510 891 pro
556 849 650 890 parte
695 849 850 879 seruante
902 847 1130 892 extorquenda
1176 849 1267 882 saluo
1314 849 1408 883 nobis
1455 855 1485 883 et
1533 856 1706 884 reseruato
1753 851 1888 885 arbitrio
1935 857 1967 885 et
2013 864 2077 897 po-

236 911 356 940 testate
385 905 585 948 declarandi⁷
615 906 867 951 interpretandi„
906 907 1108 951 corrigendi,
1139 909 1336 943 emendandi
1366 921 1466 956 super
1496 915 1666 956 premissis
1696 911 1847 945 omnihus
1877 917 1909 945 et
1938 914 2077 957 singuli>

234 973 265 1002 et
295 978 396 1013 super
424 969 502 1012 ipsis
537 968 654 999 iterum
688 966 792 1000 semel
828 967 881 1000 vel
917 967 1039 1012 pluries
1079 970 1318 1013 pronunciandi
1354 970 1542 1016 vliicunque
1572 976 1603 1004 et
1634 983 1866 1017 quamcunque
1896 972 1991 1006 nobis
2023 977 2077 1006 vi-

235 1028 323 1062 debit
352 1027 524 1073 expedire.
556 1025 670 1061 Latum
698 1031 748 1060 est
785 1038 926 1073 presens
964 1027 1132 1062 arbitrium
1170 1032 1201 1062 in
1230 1033 1360 1076 scriptis
1391 1030 1536 1076 partibus
1565 1032 1776 1076 presentibus
1807 1037 1837 1065 et
1868 1037 1973 1067 statim
2003 1034 2077 1067 illud

233 1088 419 1123 voluntarie
455 1087 721 1131 emologantibus
755 1098 814 1121 seu
850 1088 1106 1133 approbantibus
1143 1101 1229 1124 anno
1268 1090 1389 1124 domini
1419 1091 1593 1125 Millesimo
1624 1092 1873 1126 Trecentesimo
1903 1093 2078 1140 Quinqua-

234 1152 362 1194 gesimo
391 1152 507 1194 quarto
536 1147 730 1181 Indiceione
777 1151 916 1194 septima
963 1149 1015 1182 die
1061 1151 1306 1195 quintadecima
1348 1151 1474 1185 Mensis
1513 1152 1629 1186 Marcii
1668 1153 1747 1186 hora
1778 1165 1994 1200 vesperarum
2027 1158 2077 1190 vel

234 1213 326 1243 circa
354 1209 562 1255 pontificatus
592 1211 792 1243 sanctissimi
821 1212 852 1242 in
883 1209 1015 1243 Christo
1044 1214 1145 1256 patris
1174 1216 1204 1244 et
1225 1212 1345 1245 domini
1368 1213 1487 1246 domini
1509 1213 1703 1247 innocencii
1725 1215 1832 1248 diuina
1863 1216 2077 1260 prouiilencia

235 1281 320 1315 pape
351 1269 444 1303 Sexti
483 1280 570 1303 anno
606 1269 754 1303 secundo
792 1273 822 1303 in
859 1269 1064 1304 Monasterio
1101 1271 1174 1304 aule
1209 1278 1327 1306 sancte
1364 1272 1469 1307 Marie
1506 1278 1537 1307 in
1585 1279 1716 1320 antiqua
1763 1275 1889 1309 brunna
1932 1277 2080 1321 predicto

238 1333 270 1364 in
320 1329 414 1364 stuba
469 1333 584 1364 maiori
627 1329 844 1365 habitacionis
892 1331 1023 1364 domiue
1075 1331 1254 1367 Abbatisse
1300 1333 1494 1368 Monasterii
1549 1336 1696 1369 eiusdem
1743 1336 1951 1381 presentibus
1999 1338 2082 1371 reli-

235 1393 339 1435 giosis
386 1393 466 1425 viris
514 1391 654 1425 dominis
700 1391 856 1425 fratribus
904 1391 1041 1426 Nicolao
1097 1396 1207 1439 priore
1254 1393 1381 1428 Jacobo
1435 1395 1475 1428 de
1521 1394 1699 1441 Mol-sparh
1750 1397 1912 1430 monacho
1959 1398 2081 1432 Mona-

237 1454 329 1485 sterii
358 1454 389 1484 in
419 1450 571 1484 Czedlicz
601 1451 751 1497 predicti.
782 1451 1028 1486 honorabilibus
1059 1458 1089 1486 et
1118 1454 1271 1489 discretis
1301 1458 1380 1489 viris
1410 1454 1571 1500 Magistro
1603 1456 1740 1490 Nicolao
1771 1459 1810 1490 ile
1844 1457 2081 1504 Miinsterperg·

237 1510 408 1546 Canonico
437 1511 719 1555 XVratislauiensi,
751 1512 871 1546 Ottone
906 1513 946 1546 de
981 1513 1121 1559 Opauia‚
1161 1514 1332 1561 Stephano
1367 1517 1406 1550 de
1446 1517 1595 1563 Crinisyr
1630 1518 1871 1555 sacerdotibus„
1910 1519 2080 1565 Stephano

237 1571 356 1606 Judice
393 1575 424 1606 in
463 1573 621 1619 Auspecz
660 1572 843 1619 Sbyncone
881 1573 921 1608 de
955 1573 1146 1620 bucoweyn
1182 1576 1286 1620 laycis
1324 1577 1410 1610 dicte
1441 1576 1673 1611 Olomucensis
1703 1578 1846 1612 diocesis
1877 1584 1908 1612 et
1936 1580 2081 1625 pluribus

239 1632 311 1666 aliis
339 1632 403 1666 fide
432 1632 539 1677 dignis
570 1661 576 1667 .
606 1633 756 1679 predicto
786 1639 893 1668 antem
924 1634 1056 1668 arbitrio
1092 1635 1156 1669 lato
1194 1641 1225 1669 et
1255 1641 1289 1669 vt
1318 1640 1514 1682 premittitur
1543 1649 1601 1682 per
1630 1641 1720 1683 ipsas
1750 1644 1860 1684 partes
1889 1642 2078 1685 emologato

242 1695 314 1726 siue
351 1693 531 1738 approbato
568 1698 676 1728 statim
719 1695 836 1728 eedem
872 1699 982 1740 partes
1018 1707 1084 1729 vna
1120 1696 1213 1730 alteri
1250 1697 1435 1731 adinuicem
1465 1697 1527 1731 sule
1558 1699 1631 1732 data
1662 1699 1833 1745 sollempni
1863 1702 2081 1746 stipulacione

240 1758 350 1786 mutua
380 1756 623 1788 interueniente
652 1766 752 1800 super
780 1758 954 1801 premissis
990 1761 1021 1789 et
1058 1756 1209 1791 omnibus
1246 1758 1317 1791 aliis
1354 1763 1385 1792 et
1414 1761 1551 1803 singulis
1582 1771 1644 1805 que
1675 1771 1738 1794 vna
1768 1760 1807 1794 ab
1837 1761 1940 1794 altera
1970 1768 2084 1807 posset

241 1817 356 1859 petere
384 1817 564 1848 occasione
594 1818 758 1849 moncium
787 1819 960 1850 vinearum
989 1828 1144 1860 agrorum
1174 1823 1342 1863 pratorum
1372 1824 1403 1852 et
1432 1831 1631 1864 pascuorum
1652 1821 1875 1866 predictorum
1897 1822 2084 1856 voluntarie

241 1872 394 1907 fecerunt
432 1874 547 1917 finem,
583 1874 841 1920 refutacfflnem,
879 1876 1114 1911 diffinicionem
1149 1883 1181 1911 et
1210 1883 1341 1924 pactum
1372 1879 1411 1913 de
1440 1882 1578 1914 vlterius
1609 1892 1673 1914 non
1704 1882 1846 1926 petendo
1875 1886 2085 1928 requirentes

243 1945 296 1967 me
325 1937 486 1967 notarium
516 1934 693 1979 publicum,
730 1941 765 1970 vt
797 1947 896 1982 super
930 1936 992 1971 hoc
1028 1937 1226 1972 conficerem
1264 1951 1364 1973 vnum
1402 1941 1456 1973 vel
1486 1942 1576 1986 plura
1608 1941 1736 1987 publica
1767 1945 1992 1976 instrumenta.
2050 1944 2084 1977 ln

243 2005 380 2040 quorum
420 1997 563 2028 omnium
600 1999 818 2030 testimonium
857 1998 964 2042 sigilla
1008 2003 1122 2032 nostra
1164 2010 1230 2033 vna
1273 2011 1346 2034 cum
1389 2002 1493 2045 sigilis
1530 2000 1731 2035 honorabilis
1760 2006 1822 2036 viri
1852 2003 1972 2037 domini
2004 2008 2086 2049 petri

242 2057 402 2100 prepositi
440 2065 479 2088 ac
515 2055 754 2089 venerabilium
792 2061 824 2090 et
856 2057 1101 2102 Religiosarum
1139 2059 1306 2093 abbatisse
1341 2064 1373 2094 et
1409 2066 1592 2095 conuentus
1623 2061 1743 2107 prefati
1772 2063 1984 2109 presentibus
2014 2069 2089 2098 sunt

244 2125 405 2160 appensa,
435 2114 543 2148 datum
573 2120 604 2148 et
635 2120 741 2149 actum
771 2128 869 2158 anno,
904 2118 1101 2160 indiccione,
1141 2119 1204 2161 die,
1241 2132 1369 2163 mense.
1405 2121 1497 2163 hora,
1535 2123 1743 2168 pontificatus
1773 2129 1804 2157 et
1833 2125 1905 2158 loco
1935 2128 2087 2170 superius

244 2177 424 2209 annotatis.
455 2175 495 2209 Et
524 2187 584 2209 nos
613 2181 725 2221 petrus
765 2181 953 2223 prepositus
992 2180 1137 2213 ecclesie
1174 2180 1442 2223 bolaslauiensis‚
1473 2193 1511 2215 ac
1541 2182 1712 2216 Elizabeth
1742 2183 1906 2218 abbatissa
1936 2190 2088 2231 totusque

247 2234 441 2270 Conuentus
478 2235 673 2270 Monasterii
711 2238 786 2271 aule
822 2243 936 2272 sancte
971 2238 1077 2273 Marie
1113 2240 1233 2286 prefati
1262 2241 1551 2286 Recognoscimus
1582 2248 1613 2277 et
1642 2244 1773 2289 publice
1801 2246 1992 2290 profitemur
2020 2245 2088 2280 Nos

246 2298 280 2329 in
313 2295 465 2330 Nobilem
511 2299 617 2331 virum
664 2297 830 2332 dominum
877 2299 1090 2334 Czenkonem
1143 2312 1182 2334 ac
1235 2302 1460 2336 venerabitem
1516 2308 1642 2349 patrem
1690 2305 1855 2338 dominum
1902 2306 2089 2340 Johanneni

247 2356 397 2390 abbatem
428 2361 461 2390 et
488 2356 715 2391 honorabilem
745 2361 853 2392 virum
882 2359 1048 2394 dominum
1076 2359 1267 2396 Johannem
1298 2363 1473 2408 plebanum
1502 2365 1673 2409 predictos
1703 2370 1866 2411 tamquam
1895 2369 1926 2399 in
1947 2366 2089 2400 arbitros

246 2416 464 2451 arbitratores
494 2428 553 2452 seu
582 2418 774 2453 amicabiles
803 2423 1045 2465 compositores
1075 2433 1176 2467 super
1204 2422 1368 2456 montibus
1397 2426 1505 2458 vineis
1536 2428 1624 2469 agris
1658 2429 1760 2471 pratis
1790 2429 1935 2471 pascuis,
1966 2426 2090 2461 fructi—

247 2476 308 2511 bus
337 2481 515 2523 perceptis,
546 2482 708 2524 expensis
737 2480 895 2525 predictis
933 2485 964 2514 et
1002 2481 1152 2516 omnibus
1181 2483 1410 2528 questionibus
1439 2488 1619 2519 occasione
1648 2489 1886 2531 premissorum
1916 2490 2001 2521 inter
2029 2498 2090 2521 nos

249 2539 345 2571 motis
365 2537 406 2571 de
435 2538 500 2571 alto
529 2542 561 2572 et
589 2538 690 2573 basso
720 2539 780 2573 sub
809 2551 896 2586 pena
925 2542 1076 2576 omnibus
1106 2547 1137 2576 et
1166 2544 1305 2588 singulis
1326 2546 1478 2590 capitulis
1506 2550 1538 2579 et
1557 2549 1797 2592 compromisso
1818 2558 1876 2592 per
1895 2551 2089 2592 magistrum
