2206 2735
1117 51 1188 86 189

230 177 341 207 emunt
371 175 401 206 in
432 171 551 212 Bruna,
583 170 622 203 de
652 180 715 214 quo
745 168 949 201 Cereuisiam
978 169 1132 209 coquunt.
1163 176 1226 210 que
1256 166 1286 196 in
1317 162 1411 203 suba,
1440 173 1572 207 sapore,
1603 162 1715 195 colore
1744 166 1777 195 ct
1804 162 1952 195 claritate
1983 162 2070 194 mul-

233 239 299 267 tum
328 232 462 266 excedit
491 231 684 271 Ceruisiam,
715 239 778 274 que
807 231 838 261 in
868 227 978 260 Brona
1008 236 1051 258 ex
1079 225 1205 258 eisdem
1235 234 1318 268 aqua
1348 227 1380 256 et
1400 221 1518 255 braseo
1538 225 1688 268 coquitur
1716 227 1748 255 et
1778 222 1947 268 braxatur7
1976 233 2072 267 quam

233 293 374 327 Causam
403 293 478 326 dum
505 302 572 325 non
601 294 752 335 possent,
782 293 813 322 et
842 286 928 332 quod
959 288 1070 319 verius
1102 290 1154 319 est
1182 285 1293 318 dicere
1322 283 1445 317 nollent
1474 282 1626 325 reddere,
1657 283 1760 317 verba
1789 285 1852 317 litis
1882 287 1913 316 et
1928 287 2074 316 conten-

233 356 339 388 cionis
379 355 539 386 intrantes
587 350 771 384 alternatim
815 349 999 395 prescripta
1041 345 1102 379 sibi
1143 350 1303 390 ceperunt
1339 343 1501 377 defectum
1544 348 1577 377 ct
1620 345 1864 388 negligenciam
1900 347 2074 390 imputare.

235 412 472 448 Braxatoribus
508 410 709 445 dicentibus.
748 409 831 455 quod
871 407 988 441 brasea
1025 417 1099 439 cum
1134 406 1232 449 liguis
1268 404 1480 438 terrestribus
1517 404 1645 438 scilicet
1692 404 1855 450 stipitibus
1891 409 1920 437 et
1951 407 2075 438 truncis

237 478 433 515 siccaretur„
462 475 560 506 nimis
589 475 828 505 excrescentes
858 466 1053 514 imperfecte
1081 465 1310 499 laborarentur
1339 470 1370 498 et
1399 469 1546 511 tempore
1576 467 1670 498 nimis
1699 464 1802 506 breui,
1832 464 2076 498 Brasiatoribus

239 540 347 570 autem
377 532 596 578 allegantibus
627 544 645 565 e
673 541 839 565 conuerso
867 555 876 571 ‚
906 527 1000 569 Quod
1030 526 1180 560 humulus
1210 528 1241 559 in
1272 536 1357 570 aqua
1386 536 1451 559 non
1480 530 1678 571 coqueretur
1707 529 1738 558 et
1767 535 1849 569 aqua
1878 524 1985 558 adhuc
2014 536 2075 559 se-

238 598 376 630 micocta
413 593 453 626 de
490 592 618 638 patellis
654 594 686 625 in
722 590 807 624 dolio
844 588 1038 622 funderetur
1067 591 1099 620 et
1128 589 1175 620 sic
1205 588 1367 620 cei-euisia
1398 586 1497 619 cruda
1528 589 1727 625 remaneret„
1758 589 1891 631 propter
1919 585 2003 631 quod
2034 597 2077 619 ex

237 666 321 700 aqua
351 652 518 699 superflua
554 656 618 686 tota
656 654 759 685 virtus
789 650 893 684 Brasii
923 650 1073 694 quamuis
1111 647 1244 681 multum
1282 647 1404 680 bonum
1438 651 1633 692 consumpta
1671 648 1835 680 cereuisia
1875 658 2008 692 semper
2044 647 2078 680 lit

239 715 376 757 debitis,
424 702 672 747 Concludebant
705 722 798 756 ergo7
846 709 932 755 quod
983 710 1112 743 malicia
1151 711 1293 742 cei-nisie
1329 708 1522 752 simpliciter
1558 711 1647 740 esset
1685 706 1917 741 braxatoribus
1952 710 2079 741 asscri-

239 775 358 809 benda.
388 774 472 808 Nam
501 776 644 807 ceruisie
681 775 817 806 materia
854 776 928 805 sunt
966 771 1134 811 braseum7
1178 781 1261 814 aqua
1299 773 1328 802 et
1365 768 1514 802 humulus
1550 768 1627 801 licet
1654 767 1808 801 braseum
1845 768 2076 813 principaliter.

238 837 344 871 forma
375 846 456 869 vero
485 836 627 868 ceruisie
657 838 731 867 sunt
761 833 1003 878 disposiciones
1033 830 1142 864 debite
1170 829 1388 863 immiscendo
1417 840 1480 874 quo
1501 829 1538 862 ad
1570 831 1781 873 quantitatem
1803 833 1835 861 et
1854 831 1885 862 in
1906 829 2078 874 coquendo

240 900 396 942 quantum
425 894 465 928 ad
494 896 712 927 maturitatem
748 895 818 938 ipse
847 894 984 925 materie
1023 890 1224 937 supradicte.
1283 888 1571 935 Disposicionibus
1610 893 1730 927 autem,
1766 900 1844 934 quas
1884 889 2080 923 braxatores

244 957 414 999 inducunt,
466 957 628 1000 corruptis
677 952 783 986 debita
823 955 998 999 proporcio
1044 955 1130 985 inter
1174 953 1343 985 materiam
1391 955 1423 983 et
1467 949 1602 983 formam
1651 961 1715 983 non
1762 954 1923 984 seruatur.
1971 949 2082 991 Quare

241 1018 468 1051 necessarium
499 1018 551 1048 est
579 1013 781 1047 Cereuisiam
812 1015 976 1058 corrumpi
1006 1017 1038 1045 et
1067 1023 1223 1057 aquosam
1252 1012 1323 1045 lieri
1352 1022 1390 1043 ac
1420 1010 1593 1056 insipidam
1623 1015 1654 1044 et
1683 1022 1839 1044 amaram.
1872 1010 1968 1043 Vnde
1997 1010 2081 1044 bona

242 1076 413 1123 prehabita
442 1074 689 1109 deliberacione
719 1073 895 1119 auditoque
924 1072 1138 1106 braxatorum
1171 1077 1201 1106 et
1231 1071 1449 1105 brasiamrum
1480 1071 1618 1104 consilio
1649 1075 1783 1117 propter
1811 1071 2082 1104 emendacionem

241 1139 405 1171 cereuisie
434 1140 588 1169 statutum
618 1139 680 1176 est,
728 1133 822 1174 Quod
862 1136 1048 1179 quicunque
1086 1135 1261 1166 ceruisiam
1298 1132 1440 1166 braxare
1469 1133 1611 1165 voluerit
1640 1132 1692 1165 vel
1722 1134 1884 1176 integrum
1916 1131 2082 1175 brascam,

242 1197 331 1242 quod
362 1199 448 1242 capit
476 1199 609 1240 triginta
639 1200 778 1240 quatuor
807 1199 963 1228 metretas
1000 1193 1054 1228 vet
1084 1193 1237 1226 medium.
1273 1193 1356 1237 quod
1392 1196 1478 1238 capit
1512 1192 1627 1225 deceni
1666 1196 1793 1238 septem
1821 1197 1989 1226 metretas.
2020 1204 2084 1226 vna

244 1261 320 1292 vice
350 1257 492 1291 braxare
521 1255 618 1289 debet
647 1260 677 1289 et
707 1255 747 1289 de
776 1258 905 1299 integro
935 1254 1055 1288 braseo
1084 1254 1168 1288 Octo
1203 1265 1284 1288 vasa
1321 1258 1353 1287 et
1390 1253 1470 1286 duas
1509 1256 1592 1287 tinas
1621 1264 1680 1299 pro
1710 1264 1761 1295 eo„
1791 1253 1876 1297 quod
1912 1253 2087 1297 wlgariter

245 1319 362 1353 dicitur
391 1317 549 1363 vullpier‚
589 1316 629 1350 de
663 1316 771 1350 medio
805 1327 888 1349 vero
924 1320 1064 1360 quatuor
1097 1326 1177 1349 vasa
1218 1319 1250 1348 et
1287 1325 1386 1348 vnam
1415 1317 1515 1347 tinam
1545 1318 1576 1347 et
1604 1324 1670 1347 uon
1701 1314 1774 1358 plus
1804 1324 1947 1358 coquere
1977 1313 2085 1356 debet,

244 1378 329 1424 quod
359 1381 386 1412 si
414 1377 543 1419 fecerita
573 1388 633 1423 pro
661 1376 806 1422 qualibet
834 1376 1028 1418 braxatura7
1065 1378 1091 1409 si
1125 1386 1185 1421 per
1212 1375 1412 1420 Magistros,
1449 1377 1501 1420 qui
1538 1374 1577 1407 ad
1617 1374 1679 1408 hoc
1709 1385 1767 1420 pro
1797 1378 1944 1419 tempore
1976 1378 2087 1408 statuti

244 1439 377 1481 fuerint⁷
408 1437 654 1480 acetamatmur,
694 1438 802 1471 soluet
837 1437 975 1470 mediam
1015 1447 1157 1469 marcam
1196 1447 1256 1481 pro
1287 1436 1438 1469 emenda.
1469 1436 1503 1468 Si
1534 1435 1692 1468 manualis
1723 1434 1879 1468 braxator
1908 1435 2087 1469 ostendere

245 1502 376 1547 poterit,
411 1510 454 1532 ex
491 1502 582 1532 iussu
619 1498 739 1532 domini
776 1500 924 1531 Cei-uisie
959 1500 1176 1543 prescriptum
1204 1507 1363 1529 vasorum
1392 1506 1566 1529 numerum
1597 1506 1634 1528 se
1663 1500 1900 1539 augmentasse
1930 1498 2088 1541 pauciora

247 1571 329 1594 vero
359 1570 452 1602 vasa,
482 1562 554 1593 sine
592 1559 731 1592 emenda
770 1560 890 1592 licitum
928 1562 979 1591 est
1012 1560 1191 1603 vnieuique
1229 1556 1386 1599 braxene
1428 1556 1539 1590 luscio
1577 1567 1658 1589 vero
1688 1556 1819 1589 domino
1861 1559 1888 1590 si
1931 1555 2090 1590 braxator

248 1622 320 1666 plus
349 1619 389 1653 de
418 1622 561 1653 ceruisia
591 1622 732 1662 coxerit,
762 1619 848 1664 quod
878 1621 1095 1664 prescriptum
1125 1622 1185 1660 est„
1215 1620 1281 1651 nisi
1310 1629 1382 1651 cum
1403 1617 1548 1650 denariis
1579 1616 1751 1650 emendam
1780 1617 1897 1659 soluat,
1928 1628 1987 1662 per
2016 1616 2091 1650 col—

248 1681 316 1714 lum
345 1682 377 1713 in
407 1683 538 1725 cippum
568 1679 631 1713 fori
662 1684 822 1714 statuatur
852 1679 971 1713 ibidem
1001 1678 1236 1712 continuando.
1267 1678 1420 1724 quamdiu
1449 1678 1572 1711 Juratis
1592 1677 1758 1710 videbitur
1786 1677 1956 1722 expedire.
2005 1677 2094 1711 Bra-

251 1744 354 1775 siator
381 1743 485 1774 eciam
515 1742 569 1785 qui
598 1740 720 1774 homini
750 1739 942 1774 Ciuitatensi
972 1750 1031 1785 pro
1058 1750 1124 1773 vna
1154 1738 1334 1772 braxatur-a
1365 1741 1469 1771 minus
1499 1749 1594 1783 quam
1624 1740 1755 1781 triginta
1777 1742 1915 1782 quatuor
1934 1742 2093 1773 metretas

251 1811 311 1847 pro
340 1803 470 1844 integro
500 1799 620 1834 braseo
651 1800 847 1843 vendiderit,
884 1812 942 1846 pro
985 1799 1127 1846 qualibet
1162 1798 1361 1833 vendicione
1395 1800 1538 1842 quinque
1566 1808 1704 1841 grossos
1733 1801 1763 1830 et
1794 1808 1908 1830 emens
1938 1797 2092 1831 braseum

252 1861 403 1895 similiter
431 1863 573 1906 quinque
602 1872 741 1905 grossos
770 1861 902 1894 soluere
940 1860 1104 1894 tenebitur
1132 1870 1190 1905 pro
1220 1859 1372 1897 emenda,
1409 1862 1461 1904 qui
1495 1862 1603 1891 autem
1639 1868 1697 1903 pro
1733 1857 1819 1891 dicto
1854 1869 1992 1891 numero
2027 1869 2092 1892 va-

254 1931 367 1956 sorum
404 1923 547 1954 ceruisie
583 1922 654 1966 plus
689 1921 730 1954 de
765 1921 887 1955 braseo
917 1932 1012 1966 quam
1041 1920 1222 1966 predictum
1253 1924 1313 1961 est,
1349 1924 1383 1953 vt
1421 1930 1460 1952 eo
1490 1919 1606 1952 melior
1634 1918 1689 1951 fiat
1718 1921 1872 1960 ceruisia,
1902 1921 2093 1963 sumpserit,

254 1993 320 2016 non
351 1980 551 2026 obligabitur
579 1982 619 2015 ad
648 1982 832 2016 emendam.
864 1982 1042 2016 Extraneis
1078 1991 1160 2014 vero
1196 1980 1400 2014 brasiatores
1434 1980 1579 2012 vendent
1611 1979 1699 2012 licite
1736 1990 1780 2012 ex
1808 1978 1929 2013 braseo
1959 1979 2093 2013 multum

254 2042 309 2076 vel
337 2053 451 2088 parum
480 2053 540 2087 per
568 2042 785 2088 quodcunque
815 2047 974 2076 metretas
1004 2044 1110 2088 ipsum
1138 2042 1305 2076 voluerint
1333 2051 1539 2085 comparare.

567 2129 642 2158 ‹Aus
672 2130 733 2155 dem
767 2130 862 2155 Codex
894 2130 944 2156 Nr.
976 2130 1014 2154 34
1046 2129 1109 2156 Fot.
1136 2129 1172 2154 12
1205 2129 1255 2154 des
1292 2130 1422 2154 Briinner
1452 2127 1676 2153 Stadtarchives.
1723 2128 1774 2153 Als
1800 2126 1908 2159 Datum
1936 2119 1972 2153 ist
1998 2127 2095 2152 hoelist

665 2182 897 2208 wahrscheintich
923 2182 973 2207 das
997 2181 1068 2206 ‹Jahr
1094 2182 1172 2206 1353
1198 2190 1233 2206 zu
1257 2184 1364 2212 setzen,
1390 2181 1425 2205 da
1449 2180 1527 2205 diese
1544 2180 1737 2213 Vei-ordnung
1753 2179 1938 2205 uninittelbar
1962 2179 2013 2204 auf
2031 2181 2097 2211 jcne

669 2235 751 2269 folgt,
776 2234 883 2260 welche
908 2234 963 2259 den
988 2233 1052 2259 Zins
1077 2241 1132 2259 von
1157 2233 1211 2259 den
1235 2234 1367 2259 Hausern
1392 2232 1442 2257 der
1466 2232 1652 2258 Offentlichen
1678 2230 1785 2257 Diruen
1809 2230 1942 2266 buti-iffi.)
