2206 2735
1068 41 1140 75 110

180 160 211 188 et
242 158 392 200 personis
421 153 658 185 eeclesiastIcis
687 151 887 198 supradietis
917 152 956 185 dc
985 155 1129 198 ipsorum
1155 154 1393 187 ecelesiasticis
1423 166 1602 188 i·eu·..i.nus
1632 159 1661 187 et
1688 154 1902 200 proventibus
1932 154 2026 188 modu

180 217 276 249 simili
307 213 500 246 solvendam
541 218 747 258 preterquam
778 224 794 245 a
825 212 917 246 dictis
948 212 1177 247 Cardinalibus
1206 214 1379 257 Magistro.
1411 214 1587 249 Prioribus.
1619 215 1867 261 preceptoribus
1896 221 1925 248 et
1955 215 2027 249 l'ra-

180 276 282 309 tritius
304 274 474 319 hospitalis
494 274 643 307 eiusdem
665 273 858 307 solvendam
879 274 1052 318 colligere.
1074 278 1213 312 exigere
1234 279 1263 307 et
1293 277 1445 320 recipere
1465 276 1635 310 sunit-aus.
1658 276 1805 321 prefatos
1826 275 2028 321 Areliiepis-

181 347 296 380 copus.
321 335 516 380 Epist-opos.
540 335 684 380 prelatos
706 339 736 367 et
757 346 918 379 personas
939 335 1064 368 eisdem
1086 334 1312 369 Cardinalibus
1334 334 1507 379 Magistro,
1529 336 1705 373 Prioribus.
1727 335 1978 382 preceptoribus
1998 340 2030 368 et

184 395 339 430 fratribus
370 396 541 441 hospitalis
572 395 709 440 predicti
739 395 907 428 dumtaxat
936 399 1089 442 exceptis
1111 407 1250 441 pervus
1276 407 1333 429 seu
1362 395 1630 430 Subcollectores
1652 401 1782 430 vestros
1804 395 1970 442 predictos
1991 395 2030 428 ad

184 457 378 491 solvendum
409 457 529 489 dictam
559 456 720 489 decimam
751 459 781 489 in
811 456 935 489 eisdem
966 459 1114 490 terminis
1143 459 1337 490 auctoritato
1358 461 1469 490 nostra
1492 467 1551 502 per
1569 468 1744 491 censuram
1766 456 2030 490 ecelesiasticam

184 529 221 551 ac
252 522 349 551 etiam
380 519 681 562 sequestrationem
712 516 873 550 fruetuum
904 516 1138 550 beneficiorum
1168 518 1470 550 ecclesiasticorum
1510 520 1540 550 in
1570 517 1694 551 eisdem
1724 517 1844 562 Regno
1873 522 1906 550 ct
1935 519 2031 550 terris

185 580 435 612 consistentium
465 580 491 610 si
521 577 705 622 expediens
734 576 830 610 suerit
859 577 1106 622 compellendo.
1136 578 1220 622 qnod
1258 581 1283 611 si
1321 578 1442 612 sorsam
1481 578 1598 622 aliquis
1634 583 1779 612 vestrum
1817 582 1848 611 in
1886 576 2035 611 eiusdem

186 639 314 672 decime
345 639 508 672 solutione
537 637 718 674 defecerit,
762 637 868 671 taliter
903 637 1111 671 deiicientem
1146 639 1269 671 sunites
1297 640 1478 671 sententias
1518 648 1600 682 quos
1629 649 1688 684 per
1715 648 1777 672 vos
1806 639 1859 672 vel
1890 642 2035 671 vestrum

186 700 326 746 aliquem
358 704 410 732 aut
441 698 677 742 subdelegatos
707 698 760 731 vel
790 697 1061 731 Subcollectores
1091 703 1222 732 vestros
1253 699 1417 744 predictos
1448 702 1478 732 in
1508 710 1572 732 non
1611 699 1781 732 solventes
1817 698 1934 732 dictam
1973 697 2037 731 de-

188 764 304 795 cimani
336 763 365 793 in
396 759 531 805 prefatis
560 762 706 792 terminis
735 758 1069 804 profcrricontigerit
1095 762 1265 792 incurrere
1295 760 1459 799 volumus,
1490 764 1598 793 tamen
1628 759 1712 805 quod
1735 758 1774 792 ad
1804 759 1928 793 fructus
1957 758 2039 792 red-

191 821 275 855 ditus
305 826 334 853 et
370 823 551 865 proventus
590 824 684 852 extra
723 819 876 864 Regnum
912 823 943 853 et
980 819 1102 852 Terras
1137 819 1283 865 predicta
1322 823 1546 854 consistentes
1580 819 1766 853 huiusmodi
1804 820 2041 865 compulsionis

190 882 332 916 officium
363 880 550 913 nullatenus
580 879 768 913 extendatis
796 890 859 913 nec
888 890 954 914 non
983 879 1022 913 ad
1051 882 1261 914 exactionem
1283 892 1343 915 seu
1363 882 1625 927 compulsionem
1647 880 1833 914 huiusmodi
1854 879 2039 913 faciendam

190 946 222 976 in
254 942 361 985 aliquo
391 951 471 973 casu
500 950 561 986 per
589 951 650 974 vos
680 940 733 974 vel
763 940 860 974 alium
889 951 948 974 seu
978 940 1060 974 alios
1090 943 1254 975 invocetis
1284 942 1441 975 auxilium
1470 941 1595 976 brachii
1624 941 1787 976 secularis
1817 942 1878 974 nisi
1907 939 2043 986 predic—

193 1007 299 1036 torum
330 1012 395 1034 non
426 1001 624 1034 solventium
661 1003 868 1034 contumacia
906 1003 1066 1045 exigente
1101 1001 1185 1035 aliud
1223 1005 1312 1035 circa
1350 1002 1412 1036 hoc
1450 1014 1508 1048 per
1542 1001 1656 1036 sedem
1695 1000 1911 1047 apostolicam
1946 999 2046 1034 suerit

195 1063 388 1097 ordinatum.
419 1061 458 1095 Et
487 1072 529 1096 ne
557 1062 598 1095 de
626 1066 757 1096 moneta
784 1064 816 1095 in
846 1073 909 1107 qua
937 1062 1056 1095 solutio
1084 1061 1171 1095 dicte
1200 1061 1328 1095 decime
1364 1062 1439 1105 fiet,
1468 1067 1524 1096 aut
1551 1062 1621 1096 lieri
1650 1061 1781 1095 debebit
1808 1061 1919 1095 valeat
1946 1059 2045 1094 hesi-

196 1127 269 1158 tari.
301 1127 509 1167 vitenturque
543 1125 740 1168 gravamina
769 1133 832 1168 que
869 1126 1005 1169 propter
1039 1121 1102 1156 hoc
1140 1121 1300 1156 hactenus
1338 1125 1400 1156 viri
1438 1123 1656 1156 ecclesiastici
1690 1126 1766 1155 sunt
1803 1122 1953 1167 perpessi
1988 1130 2047 1166 per

196 1195 258 1218 vos
288 1194 347 1217 seu
377 1194 539 1229 personas
568 1183 736 1229 predictas
765 1194 829 1228 que
857 1194 875 1217 a
905 1182 999 1217 vobis
1028 1182 1067 1216 ad
1098 1185 1308 1216 exactionem
1337 1187 1369 1216 et
1395 1185 1622 1228 receptionem
1658 1181 1804 1215 eiusdem
1839 1180 1978 1214 Decime
2015 1183 2048 1213 ut

197 1247 398 1292 premittitur
426 1243 547 1277 fuerint
576 1243 744 1289 deputate,
774 1246 844 1289 ipsa
875 1243 1002 1277 decima
1035 1242 1076 1276 ad
1104 1247 1271 1276 monetam
1301 1242 1379 1276 inibi
1408 1245 1629 1276 communiter
1657 1244 1848 1275 currentem
1868 1241 1999 1274 levetur
2018 1244 2051 1273 et

200 1309 297 1340 etiam
326 1308 481 1349 exigatur
508 1307 599 1338 iuxta
629 1303 905 1338 Constitutionem
935 1314 1036 1350 super
1064 1303 1127 1337 hoc
1155 1303 1274 1337 editam
1303 1306 1335 1337 in
1363 1304 1504 1337 concilio
1525 1302 1688 1336 Yiennen.
1720 1302 1766 1335 lta
1787 1301 1873 1347 quod
1895 1303 2050 1347 pretextu

199 1366 338 1400 alicuius
368 1364 486 1399 cambii
516 1365 682 1399 debitores
711 1376 749 1399 ac
779 1366 943 1399 solutores
971 1364 1057 1398 dicte
1086 1364 1213 1398 decime
1242 1376 1306 1398 non
1336 1368 1529 1409 graventur.
1560 1374 1622 1397 nec
1652 1365 1748 1396 etiam
1782 1373 1840 1396 vos
1869 1372 1927 1395 seu
1958 1359 2050 1395 Sub-

201 1426 400 1461 collectores
429 1425 469 1459 ad
499 1425 561 1459 hoc
591 1437 608 1459 a
637 1424 733 1459 vobis
761 1426 815 1459 vel
845 1430 990 1459 vestrum
1020 1425 1127 1471 aliquo
1157 1425 1336 1471 deputandi
1365 1427 1540 1458 teneamini
1575 1424 1694 1457 dictam
1724 1427 1889 1456 monetam
1919 1421 2051 1455 deferre

203 1499 263 1522 seu
293 1487 461 1521 destinare
491 1486 530 1519 ad
560 1486 658 1519 alium
696 1486 803 1520 locum
839 1486 893 1520 vel
932 1486 1127 1520 solutionem
1165 1485 1349 1520 huiusmodi
1386 1485 1500 1519 facere
1535 1487 1565 1518 in
1603 1484 1676 1518 loco
1712 1493 1918 1529 quocumque
1957 1485 2051 1515 extra

204 1547 365 1582 Civitates
395 1551 427 1581 et
455 1546 630 1590 Dioceses‚
661 1549 692 1580 in
722 1546 838 1593 quibus
867 1547 953 1580 dicta
983 1546 1110 1580 decima
1139 1551 1261 1580 exacta
1289 1545 1386 1579 fuerit
1415 1546 1469 1579 vel
1498 1549 1644 1590 recepta,
1674 1544 1729 1577 fiat
1761 1546 1898 1588 insuper
1926 1540 2053 1586 absque

206 1609 269 1643 alio
298 1618 401 1641 onere
429 1607 557 1641 illorum
586 1618 604 1640 a
633 1606 749 1652 quibus
778 1606 964 1641 huiusmodi
993 1607 1120 1640 decima
1151 1609 1317 1651 exigetur,
1347 1608 1408 1640 nisi
1445 1606 1530 1639 sorte
1558 1609 1607 1639 eis
1636 1603 1863 1638 deficientibus
1894 1605 1925 1636 in
1956 1601 2053 1637 solu-

207 1673 295 1703 tione
333 1669 417 1702 dicte
454 1668 584 1701 decime
620 1670 651 1701 in
697 1670 843 1702 terminis
883 1667 1080 1713 supradictis
1123 1666 1164 1700 ob
1199 1666 1383 1701 huiusmodi
1422 1677 1536 1700 eorum
1575 1664 1739 1699 defectum
1777 1674 1947 1710 expensas
1983 1662 2052 1696 sieri

204 1734 383 1776 oporteret,
415 1729 454 1762 ad
483 1739 621 1774 quarum
650 1728 846 1762 solutionem
876 1739 933 1762 eos
963 1731 1068 1762 teneri
1095 1728 1246 1761 volumus
1273 1731 1305 1761 et
1324 1729 1472 1771 astringi„
1493 1725 1645 1771 quodque
1665 1727 1756 1758 iuxta
1778 1723 2051 1758 Constitutionem

206 1790 353 1824 eiusdem
384 1789 550 1823 Viennen.
582 1788 719 1822 Concilii
749 1787 880 1823 Calices
909 1788 1009 1823 libros
1038 1792 1072 1822 et
1098 1789 1160 1822 alia
1199 1791 1392 1821 ornamenta
1428 1787 1644 1821 ecclesiarum
1681 1785 1802 1819 divinis
1835 1784 1951 1818 officiis
1988 1783 2051 1817 de—

207 1855 318 1898 putata
349 1861 390 1883 ex
420 1861 520 1883 causa
561 1852 709 1895 pignoris
746 1850 801 1883 vel
839 1849 1066 1884 distractionis
1105 1851 1286 1894 cuiuspiam
1323 1848 1470 1893 predicte
1504 1856 1660 1893 persone,
1703 1855 1766 1890 que
1808 1855 1866 1890 per
1907 1854 1970 1878 vos
2013 1843 2052 1877 ad

208 1913 418 1945 exactionem
449 1915 478 1943 et
508 1912 734 1955 receptionem
764 1909 849 1943 dicte
878 1909 1007 1943 decime
1036 1913 1067 1942 ut
1096 1912 1290 1955 premittitur
1318 1909 1472 1954 deputate
1500 1908 1633 1950 fuerint,
1668 1917 1728 1952 per
1766 1916 1827 1939 vos
1862 1905 1917 1938 vel
1954 1905 2052 1937 alium

208 1983 266 2005 seu
295 1972 377 2005 alios
406 1981 527 2016 capere
556 1982 616 2004 seu
645 1973 809 2016 recipere,
839 1970 1023 2005 distrahere
1053 1971 1105 2004 vel
1135 1980 1302 2015 occupare
1330 1969 1517 2002 nullatenus
1546 1968 1755 2013 presumatis.
1810 1964 1883 1999 Non
1913 1964 2054 1999 obstan-

209 2031 292 2065 tibus
322 2035 349 2065 si
378 2031 473 2065 vobis
501 2031 554 2064 vel
584 2035 732 2065 vestrum
761 2031 857 2064 alicui
886 2042 945 2065 seu
974 2030 1132 2077 predictis
1162 2031 1234 2064 aliis
1264 2028 1538 2075 Archiepiscopis
1574 2032 1606 2061 et
1638 2026 1816 2073 Episcopis
1851 2029 1884 2058 et
1918 2024 2053 2071 prelatis

210 2098 241 2126 et
271 2095 423 2138 personis
453 2092 525 2125 aliis
553 2094 772 2125 communiter
801 2092 852 2125 vel
883 2091 1011 2126 divisim
1043 2103 1061 2125 a
1091 2091 1175 2125 dicta
1205 2094 1247 2125 sit
1274 2090 1355 2124 sede
1384 2089 1542 2123 indultum
1571 2088 1655 2134 quod
1684 2086 1723 2120 ad
1760 2086 1959 2120 solutionem
1987 2085 2052 2119 ali—

210 2156 304 2187 cuius
333 2153 461 2186 decime
490 2155 623 2185 minime
652 2155 831 2186 teneamini
860 2156 892 2186 et
919 2152 958 2186 ad
989 2153 1018 2186 id
1049 2153 1200 2198 compelli
1230 2155 1285 2185 aut
1320 2150 1405 2197 quod
1441 2149 1590 2183 interdici
1624 2146 1783 2193 suspendi
1821 2146 1874 2180 vel
1908 2156 2053 2180 excom-

213 2217 370 2248 municari
400 2224 464 2247 non
493 2215 626 2259 possitis
654 2224 715 2258 per
742 2213 853 2247 literas
882 2213 1082 2259 apostolicas
1111 2224 1173 2259 que
1202 2212 1243 2246 de
1280 2212 1402 2245 indulto
1441 2209 1624 2244 huiusmodi
1661 2212 1692 2242 et
1726 2213 1794 2241 toto
1831 2210 1901 2241 eius
1936 2211 2052 2240 tenore

213 2275 253 2309 de
281 2274 386 2308 verbo
416 2274 454 2307 ad
493 2273 631 2308 verbum
669 2285 708 2306 ac
746 2276 888 2319 propriis
923 2273 1085 2315 ordinum„
1120 2274 1280 2313 locorum,
1318 2277 1350 2306 et
1386 2280 1603 2317 personarum
1638 2268 1830 2303 eorumdem
1866 2265 2052 2301 nominibus

213 2337 342 2383 plenam
381 2339 413 2368 et
449 2345 647 2381 expressam
684 2345 749 2368 non
785 2334 927 2368 fecerint
961 2338 1160 2369 mentionem
1197 2338 1229 2367 et
1269 2332 1467 2378 quibuslibet
1507 2331 1578 2364 aliis
1615 2330 1799 2376 privilegiis
1841 2328 2052 2372 indulgentiis

214 2395 490 2442 exemptionibus,
529 2394 744 2437 libertatibus,
783 2396 1041 2429 immunitatibus
1077 2406 1116 2429 ac
1154 2395 1267 2428 litteris
1304 2392 1506 2439 apostolicis,
1544 2389 1802 2436 quibuscumque
1840 2387 2052 2433 dignitatibus

215 2468 274 2491 seu
303 2455 471 2490 ordinibus
500 2466 613 2489 eorum
644 2459 676 2489 et
703 2455 893 2502 specialiter
922 2455 1131 2498 cistercien„
1161 2454 1453 2495 Premenstmten„
1484 2450 1682 2492 Cartusien.‚
1705 2449 1976 2484 Grandimonten.
1997 2447 2050 2481 vet

215 2520 360 2564 ipsorum
390 2515 670 2551 Universitatibus
699 2520 731 2550 et
766 2518 918 2562 personis
953 2514 1175 2561 singularibus
1209 2514 1412 2560 generaliter
1446 2512 1499 2546 vel
1536 2511 1723 2558 specialiter
1754 2509 1814 2545 sub
1847 2518 2051 2556 quacumque
