2206 2735
1052 40 1175 91 119»Π

162 157 306 191 ecclesie
335 153 504 201 prelibato.
535 158 567 187 ut
597 156 669 199 ipsc
698 152 865 186 Nicotaus.
897 152 1101 198 Propositus.
1131 151 1288 184 oceanus
1308 151 1491 196 Fapitulum
1521 155 1554 184 et
1574 150 1684 184 clerus
1709 150 1816 183 eidem
1837 148 2006 196 Episcopo

162 222 312 262 tauquam
345 215 425 260 patri
457 219 487 247 et
517 215 639 259 pastori
670 215 851 246 animarum
888 223 1020 246 suarum
1059 212 1223 245 lunuilitcr
1261 211 1480 249 intendentes,
1517 223 1557 245 ac
1595 210 1795 244 exhibentes
1834 213 1862 243 ci
1899 220 2004 244 reve-

160 283 296 310 rentiam
327 280 357 309 ct
387 274 608 307 olwdicntiam
638 273 780 306 debitum
811 277 839 305 ct
870 273 1040 307 devotam.
1071 275 1141 305 cius
1176 270 1317 305 salubria
1356 274 1476 305 monita
1505 276 1537 305 et
1576 271 1727 304 mandata
1767 270 1887 303 devote
1923 281 2003 304 sus-

160 340 326 382 ripcrcnt.
371 341 401 368 ct
445 336 626 368 ellit-ariter
667 334 904 378 adimplerent.
951 345 990 366 ac
1025 333 1164 379 populus
1207 336 1239 364 ct
1280 332 1415 366 vassalli
1459 332 1594 377 predicti
1637 343 1711 365 cum
1755 331 1877 363 devote
1919 341 2001 364 sus-

158 401 317 442 cipcrcnl.
348 400 378 429 et
409 395 656 429 honoriticentia
686 394 793 427 debita
833 398 1124 439 proscqucrcnlur,
1161 392 1323 438 iidemque
1361 395 1389 425 ei
1426 392 1611 426 lidclilatcm
1649 392 1795 426 solitam.
1839 402 1901 424 nco
1937 401 2001 423 non

158 462 316 490 consucta
346 460 482 490 servitia
513 461 541 489 cl
573 459 640 489 iura
674 458 732 500 ipsi
763 454 972 487 'l¹li‹=odorico
1003 453 1170 499 Episcopo
1204 453 1244 486 ab
1274 456 1323 485 eis
1352 452 1458 485 debita
1488 452 1648 485 exhibere
1677 456 1806 495 integre
1837 461 2001 497 procura-

158 522 240 551 rent.
271 520 441 562 ipsumque
472 516 522 549 x-cl
554 520 803 561 procuratorem
833 525 924 547 snum
955 517 1025 547 cius
1055 516 1186 547 nomine
1215 513 1254 547 ad
1284 512 1490 558 corporalem
1512 515 1756 558 possessionem
1779 511 2000 557 l⁴lpis‹:‹›p:it11s

156 577 447 610 administrationis
479 576 637 609 bonorum
667 580 696 608 cl
728 577 844 607 iurium
875 574 1094 620 predictorum
1125 573 1227 607 libere
1255 577 1286 606 et
1321 573 1461 619 pat-ilice
1490 574 1679 617 reciperent
1712 576 1743 605 ct
1778 572 1998 610 admitterent,

157 650 194 671 :ic
225 638 264 670 dc
293 637 386 671 bonis
416 642 446 670 ct
477 636 599 669 iuribus
635 635 832 681 supradictis
871 635 976 668 cidem
1015 634 1222 667 'l'licodorico
1256 633 1424 679 Episcopo
1462 631 1579 666 debitis
1613 632 1818 675 integraliter
1853 642 1999 676 respon-

155 698 269 731 dcrcnt
299 709 435 730 monere
464 701 493 730 ct
523 697 704 729 cll'icaciter
733 695 890 729 inducero
919 694 1096 728 dcberetis.
1127 694 1395 728 Contradiclorcs
1424 705 1483 740 per
1519 703 1696 726 censuram
1733 693 1996 725 ecclesiasticam

156 758 377 804 appellationi«.¹
407 759 589 803 postposita
618 756 874 802 compescendo.
904 760 996 800 prout
1028 757 1057 788 in
1088 755 1214 788 eisdem
1245 755 1346 788 literis
1376 755 1505 800 plenius
1535 755 1734 786 continetur.
1774 752 1887 798 Nuper
1914 763 1997 785 vero

156 818 300 851 exliibila
337 817 430 851 nobis
469 828 526 862 pro
562 821 654 862 parte
693 817 767 849 dicti
803 815 1002 849 'l‘lieodorici
1037 815 1194 861 Episcopi
1232 817 1343 860 petilio
1379 814 1579 856 continebat.
1617 813 1702 859 quod
1741 814 1815 846 lieet
1849 812 1996 858 prefatus

158 878 342 924 Episcopus
371 878 572 923 Spolctanus
602 878 690 910 solus
719 880 749 910 in
780 876 962 909 huiusmodi
993 876 1181 921 procedens
1210 878 1345 917 negotio
1365 875 1499 909 eosdem
1521 874 1692 908 Nicolaum
1715 877 1888 915 intrusum,
1912 872 1996 905 Pre-

155 942 304 985 posilum.
338 938 504 971 Dccanum
534 942 565 971 ct
594 938 777 983 Capitulum
807 948 845 970 ac
878 934 1053 971 Vassallos
1083 937 1248 982 predictos
1284 939 1477 970 anctoritate
1515 936 1674 969 dictarum
1721 936 1885 968 literarum
1929 944 1995 966 no-

154 1005 294 1033 strarum
324 998 362 1032 ad
393 1010 465 1032 eum
495 1003 526 1032 ct
556 1002 587 1031 te
623 997 737 1031 Electc
770 997 1017 1042 Nuemburgen.
1048 997 1236 1042 dictumque
1265 997 1545 1031 Areliidiaconum
1588 996 1785 1029 directarum
1826 1006 1883 1040 per
1917 1004 1994 1027 suas

155 1061 263 1093 literas
292 1062 454 1093 canonice
484 1062 645 1092 monuerit
674 1063 705 1092 et
734 1059 918 1092 ell'icacitcr
945 1058 1104 1092 inducere
1133 1061 1373 1104 procuraverit,
1404 1062 1437 1091 ut
1466 1060 1627 1103 premissa
1665 1059 1695 1090 in
1734 1055 1858 1089 eisdem
1896 1052 1998 1088 literis

155 1124 274 1155 nostris
304 1125 459 1155 contenta
490 1120 672 1154 cll'icaciter
700 1120 916 1165 adimplerent
945 1124 978 1152 et
1006 1119 1182 1152 nonnullos
1212 1129 1391 1164 processus
1429 1129 1529 1163 super
1565 1117 1626 1151 biis
1662 1116 1778 1150 feccrit
1812 1119 1843 1149 in
1879 1114 1998 1149 talibus

154 1186 329 1214 consuetos
358 1183 714 1214 excommunicationis
744 1182 975 1226 suspensionis
1004 1184 1035 1213 et
1063 1179 1229 1213 interdicti
1258 1181 1442 1213 sententias
1471 1181 1692 1214 continentes.
1724 1177 1861 1223 predicti
1887 1180 1997 1209 tamen

156 1241 321 1276 Nicolans.
354 1241 554 1286 Propositus.
587 1241 744 1274 Dccanus
774 1245 805 1273 ct
834 1240 1027 1286 Capitulum„
1059 1239 1188 1282 Clerus,
1218 1240 1357 1285 populus
1386 1244 1417 1272 et
1446 1239 1580 1273 vassalli
1610 1237 1843 1271 monitionilms
1882 1242 1913 1270 et
1941 1240 1998 1271 in-

153 1301 359 1335 ductionibus
390 1313 427 1335 ac
458 1301 669 1346 processibus
699 1301 884 1334 huiusmodi
913 1311 1033 1346 parere
1061 1303 1302 1334 contumaciter
1329 1303 1599 1345 contempserunt
1635 1304 1667 1332 et
1696 1299 1938 1345 impediverunt
1966 1303 1998 1332 ct

154 1362 330 1407 impediunt
363 1365 534 1406 quominus
572 1362 656 1395 idem
695 1361 925 1395 Tlieodoricus
961 1360 1146 1406 Episcopus
1182 1363 1426 1406 possessionem
1462 1360 1598 1405 adipisci
1638 1359 1745 1393 valeat
1779 1359 1998 1404 supradictam

153 1426 181 1455 in
218 1426 399 1456 animarum
437 1434 567 1455 suarum
606 1422 796 1468 periculum.
835 1422 1016 1467 apostolice
1057 1422 1155 1455 Sedis
1192 1426 1429 1466 contemptum.
1464 1423 1567 1467 ipsius
1607 1419 1805 1453 'l‘lieodorici
1840 1420 1995 1466 Episcopi

153 1483 381 1528 preimlicium„
411 1489 442 1515 ct
472 1483 665 1516 scandalum
695 1483 917 1528 plurimorum.
948 1482 1060 1522 Quare
1089 1493 1147 1527 pro
1176 1485 1269 1527 parte
1298 1482 1375 1515 dicti
1406 1481 1605 1514 Tlieodorici
1627 1480 1783 1526 Episcopi
1813 1480 1871 1514 fuit
1900 1480 1996 1514 nobis

153 1543 314 1577 humiliter
341 1544 569 1589 supplicatum.
600 1547 633 1576 ut
662 1543 840 1588 providere
869 1541 930 1576 sibi
959 1553 1059 1587 super
1088 1542 1148 1575 biis
1177 1542 1218 1575 de
1247 1547 1433 1588 opportuno
1462 1542 1610 1575 remedio
1648 1541 1870 1585 dignaremm·.
1928 1540 1997 1575 Nos

153 1607 251 1647 igitur
279 1604 431 1637 volentes
460 1604 544 1649 quod
575 1604 660 1637 dicta
690 1608 801 1637 nostra
832 1606 982 1649 provisio
1011 1602 1153 1636 debitum
1189 1607 1414 1648 consequatur
1448 1602 1612 1639 css'ectumq
1651 1606 1684 1635 et
1721 1606 1834 1635 contra
1872 1601 1996 1635 inobe-

154 1665 279 1698 dientes
317 1669 347 1697 et
385 1664 647 1698 contradictores
688 1664 856 1710 predictos
900 1674 1083 1708 congruum
1125 1663 1307 1697 remedium
1349 1662 1509 1705 adhiberi,
1553 1662 1755 1696 Discretioni
1789 1667 1903 1696 vestre
1938 1673 1997 1709 per

153 1725 335 1771 apostolica
364 1727 485 1769 scripta
515 1724 720 1760 mandamus.
750 1727 904 1770 quatinus
933 1735 994 1758 vos
1024 1724 1076 1758 vel
1106 1725 1169 1757 duo
1199 1729 1254 1758 aut
1280 1735 1365 1758 unus
1393 1728 1538 1757 vestrum
1570 1734 1628 1768 per
1657 1734 1718 1758 vos
1740 1723 1793 1757 vel
1815 1723 1911 1757 alium
1936 1734 1995 1757 seu

154 1786 233 1819 alios
263 1786 415 1829 legitimis
445 1796 503 1830 per
531 1784 671 1818 cundem
701 1784 901 1830 Episcopum
932 1784 1102 1830 Spoletan.
1132 1796 1232 1830 super
1262 1784 1323 1819 hiis
1353 1784 1468 1818 habitis
1498 1783 1710 1830 processibus
1731 1787 1763 1817 in
1784 1784 1901 1818 eodem
1930 1795 1997 1818 ne-

152 1848 241 1889 gotio
270 1850 363 1890 prout
393 1846 487 1879 vebis
516 1845 677 1890 expedire
705 1845 869 1879 videbitur
895 1845 1082 1890 procedatis
1110 1848 1200 1878 iuxta
1229 1845 1450 1890 predictarum
1479 1845 1587 1878 eidem
1613 1843 1781 1890 Episcopo
1812 1844 1994 1890 Spoletan.⁷

154 1911 185 1939 et
214 1906 268 1939 tibi
298 1905 411 1939 Electo
442 1906 689 1950 Nuemburgen.
719 1917 757 1939 ac
785 1905 892 1939 eidem
931 1905 1178 1939 Arclndiacono
1214 1905 1414 1939 directarum
1450 1908 1683 1939 continentiam
1720 1905 1900 1947 literarum,
1936 1905 1997 1938 ln-

154 1972 273 1999 vocato
302 1970 398 2000 etiam
430 1967 467 1999 ad
499 1966 560 1999 boc
589 1969 615 2000 si
644 1977 727 2012 opus
755 1965 853 2000 fuerit
880 1966 1004 1999 auxilio
1042 1965 1166 2000 brachii
1200 1967 1373 2000 secularis.
1430 1965 1471 2000 Et
1507 1966 1739 2000 nichilominus
1774 1968 1801 1999 si
1838 1965 1995 1999 Nicolaus

154 2030 308 2061 intrusus.
341 2027 538 2072 Propositus.
569 2026 737 2068 Decimus,
767 2026 960 2072 Capitulum.
991 2025 1108 2060 Clerus
1137 2038 1196 2061 seu
1226 2027 1365 2072 populus
1395 2027 1575 2072 supradicti
1596 2030 1625 2060 in
1647 2037 1759 2059 eorum
1789 2028 1996 2060 contumacia

154 2092 185 2121 et
213 2087 392 2121 rebellione
421 2090 634 2133 perstiterint.
673 2086 843 2121 Nicolaum
887 2089 1066 2129 intrusum,
1101 2091 1134 2120 et
1170 2087 1318 2131 singulos
1353 2097 1397 2120 ex
1434 2087 1590 2133 predictis
1627 2096 1709 2132 quos
1743 2089 1775 2119 in
1813 2085 1995 2120 rebellione

155 2149 300 2194 predicta
330 2148 401 2182 fore
429 2150 590 2181 noveritis
618 2148 831 2193 principales,
861 2150 968 2181 citetis
997 2158 1058 2193 per
1085 2158 1146 2181 vos
1176 2148 1228 2181 vel
1258 2148 1354 2180 alium
1384 2158 1442 2181 seu
1473 2148 1554 2181 alios
1582 2152 1615 2180 ut
1648 2146 1731 2180 infra
1767 2151 1892 2180 certum
1929 2157 1995 2192 pe-

155 2211 366 2254 remptorium
396 2212 570 2242 terminum
599 2213 841 2254 competentem
871 2211 919 2241 eis
947 2218 1047 2254 super
1075 2207 1137 2241 boc
1166 2208 1394 2252 preligendum
1421 2211 1536 2241 nostro
1564 2209 1756 2252 conspectui
1778 2207 1995 2252 personaliter

155 2281 191 2302 se
219 2273 411 2314 presentent
439 2279 539 2314 super
566 2268 724 2314 predictis
753 2268 859 2302 eidem
889 2267 1098 2302 Theodorico
1127 2267 1294 2313 Episcopo
1323 2268 1363 2300 de
1398 2269 1518 2300 iustitia
1552 2270 1763 2312 responsuri„
1799 2278 1839 2300 ac
1874 2266 1994 2300 facturi

157 2334 189 2362 et
216 2332 391 2374 recepturi.
418 2328 502 2373 quod
532 2330 654 2361 iustitia
681 2328 842 2361 suadebit.
872 2327 1141 2362 Contradictores
1171 2339 1229 2373 per
1265 2337 1437 2361 censuram
1476 2327 1740 2360 ecclesiasticam
1774 2326 1995 2373 appellatione

157 2393 336 2434 postposita
365 2388 619 2434 compescendo.
651 2387 722 2421 Non
752 2387 960 2422 obstantibus
988 2388 1247 2434 quibuscumque
1276 2386 1584 2422 constitutionibus,
1614 2388 1797 2432 privilegiis
1818 2387 1871 2422 vel
1891 2387 1996 2421 literis

157 2450 347 2495 apostolicis
375 2449 632 2495 quibuscumque
660 2451 814 2494 personis
842 2450 923 2483 locis
950 2449 1005 2482 vel
1033 2448 1201 2483 ordinibus
1228 2448 1289 2482 sub
1316 2459 1524 2494 quacumque
1552 2447 1656 2482 forma
1691 2448 1745 2483 vel
1775 2450 1996 2493 expressione

157 2509 334 2544 verborum
363 2512 536 2544 concessis
566 2510 694 2543 etiamsi
723 2508 764 2542 de
792 2509 854 2543 illis
881 2513 974 2543 esset
999 2511 1032 2543 in
1060 2508 1274 2555 presentibus
1302 2508 1458 2554 specialis
1488 2513 1520 2541 et
1548 2519 1709 2553 expressa
1747 2519 1787 2542 ac
1821 2507 1862 2541 de
1890 2507 1995 2542 verbo
