2206 2735
227 185 387 227 gratiosis
416 183 573 225 inclinati,
603 193 642 216 ac
672 184 769 215 etiam
798 180 1020 223 attendentes,
1051 182 1137 227 quod
1166 192 1229 215 nos
1259 183 1345 214 inter
1374 178 1512 213 Ceteras
1541 189 1639 213 curas
1676 182 1790 213 nostro
1825 181 1953 224 pectori
1983 180 2079 211 insu-

224 243 340 277 dantes
383 243 460 276 illud
504 242 668 276 Continue
717 241 936 285 meditamur,
973 245 1006 275 et
1041 241 1080 275 ad
1116 241 1146 275 id
1183 240 1334 285 Cogente
1383 249 1443 273 nos
1480 241 1594 272 innate
1634 238 1855 283 Benignitatis
1896 236 2079 272 Clementia

223 307 377 337 estuante
405 302 580 336 Desiderio
609 304 806 347 aspiramus,
836 301 974 347 qualiter
1003 300 1117 335 fideles
1146 303 1250 335 nostri
1286 305 1319 334 et
1347 299 1465 333 subditi
1504 298 1564 333 sub
1600 303 1713 333 nostre
1752 298 1894 333 Ditionis
1923 298 2079 332 Dominio

223 364 416 398 releventur
445 361 484 396 ab
505 364 624 407 inopiis
644 366 677 395 et
696 364 862 396 continuis
891 360 1056 395 fructuum
1085 365 1117 395 et
1144 361 1315 395 utilitatum
1345 363 1515 405 prestante
1543 359 1717 392 Altissimo
1748 359 1913 404 proficere
1948 359 2081 393 valeant

224 425 448 457 incrementis.
494 421 691 465 Statuimus,
735 422 890 456 volumus
934 425 1050 455 tenore
1091 424 1294 467 presentium
1334 424 1366 453 et
1403 419 1580 453 Sancimus
1616 421 1740 452 virtute
1769 422 1862 463 regia
1893 423 1924 453 et
1953 423 2080 463 nostra,

223 488 384 529 quatenus
413 482 509 517 huius
540 483 627 516 modi
658 482 830 529 Depositio
860 485 1017 516 mercium
1055 493 1114 516 seu
1149 492 1259 515 rerum
1297 479 1510 514 vendibilium
1543 482 1575 512 in
1615 478 1710 513 Dicta
1740 481 1872 513 ciuitate
1909 482 2078 525 perpetuis

223 547 253 578 in
283 548 378 577 antea
410 542 615 589 temporibus
645 542 854 577 observetur.
885 542 932 576 Ita
962 542 1130 585 videlicet,
1160 547 1195 576 ut
1223 552 1339 576 omnes
1367 539 1577 574 Mercatores
1614 551 1658 573 ex
1695 539 1849 585 predictis
1886 543 1996 583 terris,
2025 543 2078 585 qui

223 615 352 637 merces
383 607 413 637 et
442 614 496 637 res
527 602 711 637 vendibiles
740 602 779 636 ad
808 602 989 648 predictam
1018 602 1196 637 Civitatem
1226 602 1437 644 adduxerint,
1468 600 1588 633 ibidem
1618 611 1818 645 permanere
1848 611 1920 634 cum
1954 601 2076 634 eisdem

221 669 253 698 et
284 663 445 706 vendere,
477 666 676 708 cuicumque
705 665 858 708 poterint,
890 667 1073 697 teneantur.
1105 663 1302 697 Mandamus
1322 665 1457 707 insuper
1476 660 1628 695 omnibus
1649 672 1689 694 ac
1711 660 1858 705 Singulis
1880 660 2076 705 Baronibus,

222 724 409 764 Nobilibus,
441 724 653 767 Camerariis,
684 722 961 767 Subcamerariis,
992 724 1201 769 Burgraviis,
1223 728 1299 759 vice
1322 722 1517 767 Burgraviis
1538 721 1742 763 Castrorum,
1764 733 1823 755 seu
1848 724 2076 765 munitionum,

219 785 402 819 advocatis.
432 784 607 818 Judicibus
643 783 841 818 Consulibus
879 788 910 817 et
948 786 1065 829 juratis
1096 784 1273 819 Civitatum
1311 787 1342 816 et
1377 782 1561 828 opidorum,
1598 787 1631 816 et
1665 781 1892 815 indifferenter
1926 781 2078 816 omnibus

219 845 412 879 officialibus
442 856 501 890 per
530 843 794 877 Marcbionatuni
834 849 980 878 nostrum
1024 848 1211 879 constitutis
1248 847 1356 890 gratie
1393 847 1507 877 nostre
1544 842 1604 877 sub
1647 847 1793 888 optentu,
1837 847 1870 876 ut
1907 846 2076 878 universis

220 905 474 950 Mercatoribus,
503 907 576 939 vias
606 909 639 937 et
668 904 794 938 Stratus
824 904 971 950 publicas
1006 911 1038 939 et
1077 906 1237 949 occultas,
1272 904 1403 950 quando
1439 902 1491 937 ubi
1533 907 1565 936 et
1602 906 1730 948 quoties
1767 915 1811 937 ex
1850 907 1942 949 parte
1971 906 2073 937 nostri

221 978 279 1012 per
307 969 401 999 cives
431 969 566 998 nostros
598 963 747 998 Civitatis
777 965 924 1010 predicte
952 965 1067 1000 fideles
1109 971 1244 1000 nostros
1283 966 1422 999 dilectos
1458 964 1498 997 de
1534 963 1597 998 hoc
1634 963 1755 998 fuerint
1790 967 1948 1010 requisiti,
1993 976 2075 1010 pre-

219 1026 362 1068 cludant,
393 1026 591 1067 custodiant,
622 1025 808 1069 Inhibeant,
830 1025 939 1070 Regia
961 1031 1057 1071 atque
1082 1029 1113 1060 in
1144 1027 1220 1061 loco
1250 1030 1362 1060 nostra
1392 1024 1467 1058 freti
1497 1028 1694 1058 auctoritate
1725 1028 1847 1070 pariter
1875 1036 1934 1070 pro
1954 1024 2081 1059 viribus

219 1091 249 1121 et
277 1086 466 1127 defendent.v
497 1098 539 1120 ne
567 1098 627 1132 per
656 1086 737 1120 alias
768 1089 840 1120 vias
870 1098 965 1132 quam
1005 1086 1179 1121 Civitatem
1209 1086 1372 1132 prefatam
1410 1090 1579 1119 transeant
1617 1096 1690 1118 cum
1730 1088 1799 1119 suis
1836 1085 2006 1120 Mercibus
2045 1090 2077 1119 et

222 1147 415 1194 procedant.
448 1146 529 1188 Quis
559 1148 612 1181 vel
643 1150 840 1193 quiqunique
871 1159 953 1181 vero
983 1159 1042 1194 per
1073 1160 1133 1183 vos
1165 1149 1217 1182 vel
1247 1146 1424 1194 quemlibet
1461 1150 1610 1180 vestrum
1649 1149 1681 1179 in
1719 1148 1782 1180 viis
1812 1151 1843 1179 et
1873 1146 1992 1180 Stratis
2022 1149 2077 1179 in-

219 1207 327 1242 hibitis
358 1207 595 1254 Deprehensus
615 1207 726 1250 fuerit,
757 1219 792 1241 se
822 1208 994 1251 Mei-cium,
1025 1214 1057 1242 et
1086 1220 1196 1242 rerum
1227 1219 1359 1243 suarum
1389 1207 1606 1253 perditionem
1638 1210 1782 1241 sentiant
1810 1207 1983 1250 incidisse,
2014 1218 2077 1252 que

221 1271 268 1302 sic
298 1268 496 1302 dividentur.
532 1268 636 1303 Nobis
665 1273 698 1302 et
725 1271 851 1302 civitati
881 1273 995 1302 nostre
1024 1270 1149 1303 illarum
1180 1280 1290 1302 rerum
1320 1268 1493 1311 medietas,
1529 1272 1643 1313 quarta
1674 1279 1751 1313 pars
1787 1270 1914 1302 viarum
1952 1266 2078 1302 Custo-

219 1329 324 1371 dibus,
356 1334 386 1362 et
416 1334 531 1374 quarta
561 1340 637 1374 pars
667 1329 785 1371 eidem,
823 1329 876 1363 vel
912 1329 1036 1363 eisdem
1073 1329 1314 1363 Mercatoribus
1343 1328 1474 1362 debebit
1503 1338 1692 1362 remanere.
1723 1327 1848 1361 Harum
1889 1332 2075 1362 nostrarum

219 1389 336 1436 quibus
365 1394 479 1423 nostre
510 1389 714 1423 celsitudinis
744 1389 893 1433 Sigillum
924 1394 975 1424 est
1003 1402 1186 1436 appensum
1216 1394 1303 1424 serie
1333 1394 1364 1423 et
1392 1392 1579 1423 testimonio
1609 1388 1803 1422 Literarum.
1825 1388 1943 1423 Datum
1966 1388 2078 1423 Brune

222 1451 321 1484 Anno
352 1450 483 1483 Domini
515 1449 692 1483 Millesimo
722 1449 974 1484 Trecentesimo
1004 1453 1280 1497 quinquagesimo
1309 1455 1437 1496 quarto.

534 1527 626 1561 (Ch-ig⁴
657 1528 693 1553 im
726 1528 849 1554 Archive
881 1529 932 1554 der
961 1529 988 1557 k.
1014 1528 1098 1554 stadt
1123 1530 1247 1558 Olmiitz,
1271 1530 1343 1555 XVas
1368 1530 1419 1554 das
1443 1530 1550 1555 Datum
1576 1529 1627 1554 des
1652 1528 1919 1562 obeuaugesetzten
1943 1529 2076 1554 Monates

638 1580 802 1614 anbelangt,
833 1589 864 1606 so
897 1584 987 1606 sttitzt
1019 1581 1078 1606 sich
1110 1581 1242 1607 dasselbe
1275 1581 1327 1607 auf
1353 1582 1420 1609 Pol.
1453 1579 1526 1617 &Ssfb
1559 1581 1608 1606 des
1640 1580 1882 1613 Losuugsbuehes
1912 1580 1962 1606 der
1993 1580 2077 1606 Stadt

640 1633 746 1666 Briinn,
771 1641 812 1657 wo
837 1636 920 1658 unter
944 1633 1006 1658 dem
1039 1634 1157 1658 Datum:
1187 1633 1216 1658 in
1240 1633 1394 1659 nativitate
1431 1632 1535 1658 Christi
1568 1633 1615 1659 die
1648 1632 1790 1665 Notirung
1821 1632 1970 1665 folgender
2004 1632 2077 1658 Aus-

633 1684 707 1718 gabe
737 1684 796 1709 sicli
827 1683 933 1709 findet:
962 1682 1051 1716 „Item
1084 1685 1263 1710 Cancellario
1295 1685 1393 1710 eodem
1424 1688 1552 1718 tempore
1582 1692 1633 1717 pro
1657 1684 1838 1717 sigittaeione
1862 1684 1944 1709 litere
1970 1684 2077 1717 scripte

637 1745 723 1770 super
747 1737 928 1770 deposicione
952 1736 979 1761 in
1007 1737 1124 1763 Oloxnuc
1149 1737 1289 1762 seruanda
1315 1736 1484 1770 maream.“)

1094 1882 1203 1918 ⁶258.

956 1968 1013 2003 12.
1047 1968 1205 2002 Februar
1234 1968 1343 2003 1354.

374 2045 536 2099 Carolus
590 2063 813 2098 Romanorum
853 2068 884 2097 et
926 2063 1094 2098 Bohemiae
1139 2075 1201 2098 rex
1241 2067 1430 2098 comitatum
1476 2063 1804 2109 Lucemburgensem
1847 2067 1878 2098 in
1922 2064 2073 2098 ducatum

220 2128 354 2169 erigens
396 2125 531 2160 fratrem
575 2136 668 2159 suum
698 2124 938 2158 Wenceslaum
981 2124 1101 2159 ibidem
1144 2125 1260 2159 ducem
1301 2128 1441 2159 instituit
1475 2125 1658 2159 accedente
1696 2128 1782 2160 inter
1821 2125 1902 2159 alios
1933 2126 2074 2161 consilio

219 2186 359 2220 ,Ioannis
389 2190 534 2232 episcopi
566 2186 800 2220 Olomucensis
830 2190 863 2219 et
892 2185 1053 2219 Vladislai
1083 2186 1175 2221 ducis
1205 2186 1452 2220 Teschinensis.
1482 2184 1600 2218 Datum
1629 2184 1727 2220 Metis
1746 2196 1807 2231 per
1826 2196 1942 2220 manus
1962 2197 2073 2220 vene-

220 2246 332 2280 rabilis
362 2246 512 2282 Joannes
543 2245 869 2280 Luthomuschlensis
909 2245 1067 2292 Episcopi
1103 2247 1177 2280 aule
1212 2251 1326 2281 nostre
1361 2245 1484 2290 regalis
1522 2244 1721 2279 Cancellarii
1757 2249 1833 2279 vice
1870 2246 2073 2281 venerabilis

221 2306 353 2340 Gerlaci
394 2307 638 2351 Magutinensis
689 2306 948 2352 Archiepiscopi
999 2309 1088 2340 sacri
1130 2309 1258 2353 imperii
1300 2317 1359 2352 per
1402 2306 1614 2340 Germaniam
1652 2306 1949 2340 Archicancellarii
1985 2334 1992 2340 .
2025 2334 2031 2341 .

221 2370 318 2402 Anno
348 2367 478 2401 Domini
510 2367 609 2402 1354
639 2367 828 2401 Indiccione
858 2370 1011 2414 septima,
1039 2365 1133 2401 ΧΙΙΙ0
1162 2366 1231 2400 Cal.
1254 2367 1378 2412 Aprilis
1407 2377 1587 2411 regnorum
1617 2371 1803 2401 nostrorum
1832 2378 1919 2400 anno
1940 2371 2069 2401 octauo.

530 2455 607 2489 (Aus
633 2455 730 2482 Privil.
757 2454 829 2488 Reg.
858 2454 929 2483 Βοὴ.
953 2454 1132 2488 Manuscript
1158 2453 1235 2487 Sign.
1260 2454 1299 2481 M.
1325 2453 1385 2481 Vll.
1412 2453 1449 2479 28
1474 2454 1535 2482 Fol,
1562 2452 1659 2490 517sb
1683 2454 1719 2479 im
1744 2452 2007 2491 Landesarehive.)

1875 2600 1913 2626 25
