2206 2735
1057 30 1103 60 ‘gil

148 144 278 175 bonum.
321 142 463 174 firmium
496 139 637 173 lldelium
661 139 882 172 Meri—ntorum
914 145 1100 173 nustrurmn
1132 141 1171 173 di·
1204 140 1336 173 lluemin
1368 145 1398 173 et
1429 141 1576 174 Morunm
1607 143 1777 185 querulum
1817 145 2008 188 recepimus

147 208 382 236 continentem.
413 201 497 247 qnod
528 205 621 235 ciues
651 206 682 234 ct
713 206 917 234 mercatores
948 201 988 234 dc
1019 200 1181 234 Grncouiu
1213 205 1327 234 cunti-:i
1358 201 1575 246 :upprubutmn
1608 206 1636 234 vt
1669 204 1848 247 antiquitus
1877 214 2011 248 semper

146 265 356 297 nbseruutmn
386 262 663 295 coiisuctiidiiwm
693 273 710 294 n
741 266 902 306 tempore,
945 264 1039 295 cuius
1077 264 1106 294 in
1137 264 1338 295 contrarium
1370 265 1527 295 mcmorin
1559 273 1622 295 non
1654 265 1785 301 existit,
1817 274 1876 308 per
1905 274 2009 298 nouus

149 330 178 357 ct
208 324 362 357 :ibusmns
392 325 536 367 ipsarum
567 325 827 355 constituciones
858 325 918 355 iuri
948 325 1133 355 contrarius
1163 322 1299 355 eosdem
1331 327 1536 356 mercatores
1567 323 1736 369 bucusque
1766 328 1881 357 contra
1902 324 2009 357 Deum

147 390 177 418 ot
207 386 369 417 iusticiam
399 383 631 428 impcdincriut
660 387 691 416 ct
722 383 886 415 violenter
916 382 1106 427 impediunt.
1143 394 1184 415 ne
1215 386 1275 428 ipsi
1305 393 1377 415 cum
1409 394 1521 416 curum
1544 383 1644 417 rebus
1673 389 1707 417 et
1736 383 2009 418 merem-,ionibus

150 455 268 477 versus
294 443 448 477 Russinm
470 449 503 477 et
525 443 693 477 l'russimn
715 443 898 488 procedere
919 448 1110 487 prcsunmnt
1141 446 1257 487 eisque
1287 448 1408 476 strutus
1429 447 1460 476 ct
1482 447 1554 477 vius
1585 443 1770 478 huiusmodi
1801 444 2010 490 procludunt,

149 517 179 537 ιιι
209 503 390 538 eorundem
419 509 638 538 mercatorum
661 508 849 537 nostrorum
871 502 1133 548 irrecuperabile
1154 503 1360 549 dispendium
1391 515 1431 536 ac
1460 505 1577 537 iurium
1608 508 1795 537 nostrorum
1825 509 1856 538 ct
1877 504 2009 551 lmperii

150 566 409 609 derogacionem
439 565 661 598 munisestmn.
692 576 734 597 ex
765 575 817 600 co,
848 564 933 609 quod
964 574 1081 597 omncs
1112 568 1215 597 strate
1235 569 1269 597 et
1289 568 1343 598 vie
1373 564 1625 610 quibuscunque
1656 567 1771 608 regnis
1802 569 1833 598 et
1854 565 2010 599 dominiis

151 629 180 658 in
211 630 299 659 terra
328 629 359 659 et
388 627 482 670 aquis
511 624 550 658 ud
580 636 641 658 nos
670 629 701 657 et
723 624 907 658 Romanum
930 624 1107 669 Imperium
1137 624 1178 658 de
1207 627 1278 658 iure
1308 628 1474 670 pertinere
1504 625 1756 667 dignoscuntur,
1786 625 1827 658 de
1855 637 1920 670 quo
1945 625 2009 659 ad-

151 689 307 720 mirmnur
335 685 565 721 veliementer.
596 687 771 730 presertim
801 696 874 718 cum
905 684 1056 718 homines
1086 688 1118 717 et
1147 689 1354 718 mercatores
1384 685 1424 718 di·
1442 686 1605 719 Crucmiia
1636 689 1668 718 ct
1696 685 1768 718 aliis
1789 688 1886 720 terris
1904 685 2010 730 Regis

153 747 288 781 Polonie
323 749 354 780 in
392 745 543 780 omnibus
581 745 769 779 ciuitatibus
812 750 843 778 ct
880 748 977 778 terris
1015 750 1132 778 nostro
1170 745 1324 779 Dominio
1361 749 1541 791 suppositis
1580 757 1652 779 cum
1693 757 1806 779 eorum
1845 746 2009 780 mercibus

151 807 278 854 ubsque
307 809 395 841 omni
433 806 669 853 impedimento
707 811 739 840 et
773 809 970 851 gruumnine
1009 805 1113 839 libere
1153 810 1185 839 et
1214 817 1333 839 secure
1364 805 1536 851 bucusque
1572 809 1808 839 transiuissent
1836 810 1869 839 et
1897 817 2010 840 eorum

151 871 412 913 negociacioncs
441 870 670 909 exercuerint,
713 872 807 913 prout
837 870 886 901 eis
916 870 1022 900 visum
1053 871 1105 900 est
1134 866 1244 899 vtilius
1274 866 1447 912 expedire.
1505 865 1664 901 Nolentcs
1695 869 1794 910 igitur
1823 865 2009 901 huiusmodi

153 933 287 964 iniurias
317 934 349 962 et
379 929 563 962 violencias
601 930 724 962 nostris
761 926 1004 961 mercatoribus
1041 926 1146 960 illutus
1176 931 1209 960 et
1237 937 1300 970 que
1330 930 1487 960 continue
1517 927 1714 970 inseruntur,
1746 926 1806 960 sul)
1835 929 2012 972 paciencie

153 991 291 1025 silencio
321 992 484 1036 preterire
513 989 571 1023 sed
601 991 716 1034 pocius
746 991 891 1034 ipsorum
921 986 1211 1022 commoditatibus
1241 992 1273 1020 et
1303 986 1521 1033 profectibus,
1563 992 1599 1022 vt
1628 992 1792 1030 tenemur,
1833 987 2013 1022 salubriter

154 1051 342 1097 prouidere,
386 1049 481 1084 vohis
510 1049 662 1084 omnibus
691 1053 724 1082 et
760 1049 900 1093 singulis
939 1048 1139 1094 supradictis
1169 1052 1201 1081 et
1239 1052 1385 1081 vestrum
1426 1047 1560 1081 cuilibet
1597 1059 1656 1094 per
1685 1059 1734 1089 se,
1778 1051 1831 1094 qui
1862 1050 2012 1094 requisiti

155 1112 296 1147 fueritis,
333 1110 480 1144 districte
510 1112 712 1156 precipimus
740 1113 773 1142 et
801 1108 996 1142 mandamus
1024 1111 1139 1153 gracie
1168 1112 1281 1141 nostre
1310 1108 1370 1142 sul)
1403 1108 1549 1151 obtentu,
1579 1113 1743 1154 quatenns
1772 1111 1951 1143 vniuersos
1981 1113 2013 1142 et

156 1172 305 1216 singulos
334 1173 428 1204 ciues
456 1175 488 1204 et
516 1175 724 1205 mercatores
754 1169 794 1203 de
824 1168 988 1203 Cracouia
1017 1173 1051 1203 et
1079 1168 1151 1202 aliis
1180 1168 1368 1203 ciuitatibus
1398 1173 1429 1202 et
1459 1172 1554 1202 terris
1583 1169 1688 1214 Regis
1718 1169 1869 1213 l‘olonie‚
1903 1180 2013 1214 quan-

156 1233 330 1278 docunque
359 1232 412 1265 vel
442 1234 714 1277 quociescunque
743 1230 782 1263 ad
812 1241 875 1264 vos
896 1235 927 1264 et
948 1231 1020 1263 loca
1050 1234 1162 1264 vestra
1192 1240 1265 1263 eum
1296 1231 1441 1275 ipsorum
1463 1229 1631 1263 mercibus
1661 1231 1892 1276 applicuerint,
1921 1233 2015 1276 ipsos

157 1296 265 1327 statim
294 1293 381 1326 nullo
402 1292 466 1326 alio
497 1296 692 1337 exspectato
721 1291 875 1325 mundato
904 1302 978 1325 cum
1007 1290 1159 1325 omnibus
1180 1301 1294 1323 eorum
1316 1288 1481 1323 mercibus
1502 1302 1518 1323 a
1541 1289 1636 1323 vobis
1656 1290 1818 1323 recedere
1839 1295 1872 1324 et
1891 1291 2013 1332 redire,

156 1353 245 1388 vnde
273 1358 448 1389 venerant.
486 1355 616 1397 cogatis
645 1356 677 1386 et
706 1351 812 1386 modis
841 1351 994 1386 omnibus
1024 1351 1166 1385 faciatis.
1206 1361 1270 1384 non
1300 1353 1528 1396 permittentes
1557 1350 1693 1384 eosdem
1723 1355 1931 1386 mercatores
1960 1362 2014 1385 res

157 1418 303 1461 ipsorum
333 1413 416 1460 apud
447 1424 510 1447 vos
540 1413 741 1455 dissoluere‚
771 1413 928 1458 religare,
958 1416 1013 1446 aut
1042 1411 1204 1454 vendere,
1234 1415 1287 1445 aut
1316 1410 1480 1456 quaslibet
1508 1411 1590 1445 alias
1618 1414 1878 1455 negociaciones
1907 1423 2015 1445 exer—

159 1486 238 1509 cere
267 1472 406 1510 tamdiu.
436 1485 609 1520 quousque
638 1473 669 1507 id
689 1484 855 1520 expresse
876 1484 937 1520 per
963 1473 1076 1507 literas
1106 1477 1237 1506 nostras
1267 1475 1541 1506 reuocauerimus
1563 1476 1594 1505 et
1614 1472 1721 1506 donec
1751 1472 1839 1506 aliud
1860 1483 1878 1506 a
1899 1477 2014 1507 nostra

159 1535 334 1570 Maiestate
372 1538 568 1581 receperitis
596 1537 629 1568 in
658 1533 832 1577 mandatisr
871 1533 1055 1580 predictam
1085 1537 1182 1579 prout
1210 1543 1330 1578 penam
1358 1543 1498 1577 grauem
1528 1531 1624 1566 vobis
1654 1532 1868 1577 infligendam
1897 1537 1928 1566 et
1957 1536 2014 1566 in-

161 1597 368 1641 dignacionis
397 1600 512 1629 nostre
542 1594 689 1629 furorem
718 1597 847 1629 euitare
867 1595 1041 1629 volueritis
1071 1593 1257 1628 nullatenus
1278 1596 1444 1636 omissuri,
1474 1593 1588 1627 barum
1619 1595 1808 1627 testimonio
1832 1594 2012 1627 literarum.

161 1657 279 1691 Datum
300 1656 408 1701 Prage
437 1667 523 1690 anno
543 1655 675 1689 Domini
695 1654 871 1689 Millesimo
891 1654 1147 1689 Trecentesimo
1175 1657 1452 1700 quinquagesimo
1479 1653 1623 1697 Jubile0‚
1653 1653 1779 1689 XVIII.
1811 1654 1864 1688 die
1889 1657 2014 1689 mensis

161 1719 248 1762 Jutii,
279 1718 473 1763 Regnorum
502 1720 691 1751 nostrorum
721 1716 862 1750 Romani
895 1726 983 1750 anno
1011 1718 1136 1762 quinto,
1164 1714 1325 1749 Bohemie
1352 1725 1436 1750 vero
1464 1719 1592 1761 quarto.

472 1801 672 1839 (Abgedruckt
696 1803 743 1829 bei
769 1804 849 1829 Pelzl
874 1803 945 1829 Karl
971 1803 1015 1830 lv.
1041 1802 1078 1828 iiu
1104 1802 1356 1829 L⁷rkundenbuche
1381 1810 1444 1829 zum
1470 1802 1488 1828 1.
1515 1802 1579 1834 Th.,
1605 1811 1630 1836 p.
1657 1802 1723 1839 84.)

1054 1975 1130 2011 ³4.

322 2054 406 2107 Die
436 2071 531 2106 Stadt
559 2071 703 2105 Jarolnir
730 2071 910 2114 bekennet,
947 2070 1026 2105 dass
1055 2073 1105 2105 sie
1134 2080 1201 2104 von
1230 2070 1302 2104 dem
1331 2069 1790 2104 Laudes—Unterka'mmerer
1818 2071 1860 2102 ini
1890 2067 2018 2102 Namen

164 2133 242 2168 Karl
263 2133 320 2167 IV.
352 2132 580 2178 aufgefordert
608 2133 682 2167 deni
707 2131 980 2178 Erstgeborenen
1010 2130 1187 2166 desselben
1216 2131 1361 2164 Wenzel
1390 2130 1453 2164 den
1477 2129 1705 2176 Homagialeid
1734 2130 1892 2174 geleistet
1920 2128 2016 2163 habe.

166 2194 218 2228 Dt.
247 2193 339 2228 sabb.
370 2197 522 2239 proximo
551 2198 624 2239 post
653 2193 674 2226 f.
703 2204 729 2227 s.
760 2193 876 2227 Jacobi
905 2192 1026 2238 Apost.
1057 2191 1087 2225 d.
1117 2194 1138 2225 i.
1169 2191 1229 2226 31.
1260 2191 1324 2225 Juli
1357 2191 1465 2226 1350.

474 2280 549 2315 (Ans
575 2279 671 2306 Privit.
696 2281 768 2314 Reg.
794 2281 864 2308 Bob.
890 2280 1023 2307 Manusk.
1047 2279 1085 2304 im
1109 2277 1341 2306 Laudesarcbive
1366 2278 1419 2312 sig.
1446 2279 1482 2304 M.
1507 2278 1567 2305 VII.
1592 2277 1630 2303 ‘28
1656 2286 1722 2311 pag.
1749 2277 1785 2302 67
1806 2277 1848 2311 b.)
