2206 2735
1110 93 1183 127 265

216 216 392 245 teneantur
420 212 605 255 suscipere.
637 208 812 253 nobisque,
843 206 1020 241 heredibus
1049 212 1080 240 et
1111 206 1368 241 successoribus
1399 210 1520 241 nostris
1543 208 1685 241 lloemia*
1708 208 1856 252 Regibus
1887 213 1918 241 et
1948 220 2078 242 corona·

216 275 310 316 regni
355 271 504 314 ejusdem
543 269 700 312 homagii.
745 268 955 307 obedientiae,
999 267 1165 301 fidelitatis
1203 278 1242 300 ac
1271 266 1493 310 subJectionis
1523 268 1639 301 debita·
1671 274 1847 303 teneantur
1876 273 1906 302 et
1935 268 2077 303 debcant

217 336 379 377 przrstare
409 335 441 364 ct
469 330 585 363 facere
615 330 803 376 corporalia
828 330 1031 372 jiiramenta.
1090 327 1293 373 Supplentes
1323 338 1454 361 omnem
1484 328 1663 362 defectum.
1695 331 1720 362 si
1752 333 1823 374 quis
1854 333 1883 363 in
1915 330 2018 363 literis
2048 334 2078 362 et

217 392 403 438 privilegiis
433 391 593 423 dictorum
634 389 875 436 Imperatorum
906 392 936 422 ct
979 387 1110 431 Regum
1153 387 1378 422 Romanorum
1417 392 1583 422 memor-ize
1614 391 1803 423 recolenda*
1833 396 1886 423 aut
1917 393 2017 424 etiam
2048 394 2077 424 in

216 453 427 486 ordinatione
455 462 516 484 seu
544 455 683 485 tractatu
714 450 788 484 dicti
819 451 980 492 genitoris
1010 451 1128 488 nostri,
1159 460 1254 493 quem
1285 460 1357 482 cum
1389 449 1526 494 pra-fato
1556 449 1702 483 Henrico
1731 453 1871 496 septimo
1902 456 1934 484 et.
1963 452 2074 484 ultimo

218 511 492 546 wratislaviensi
522 515 552 543 et
583 510 712 544 Silesiae
742 509 836 542 Duce
866 508 1023 541 babuisse
1052 508 1246 549 dinoscitur.
1277 521 1334 543 seu
1378 512 1408 543 in
1440 509 1544 542 reditu
1577 509 1751 545 Nobilium.
1782 511 1931 546 Militum.
1961 512 2078 545 Clien-

216 578 294 613 tum,
338 571 467 604 Civium
505 576 535 604 et
573 571 754 605 incolarum
799 569 1049 602 Budissinensis
1093 575 1126 601 et
1169 569 1376 604 Gorliconsis
1407 569 1574 603 Mai-cline.
1620 574 1673 616 qui
1712 571 1751 604 ad
1780 583 1937 606 coronam
1968 572 2076 613 Regni

218 633 362 666 Boemiae
392 636 423 665 ut
453 634 660 677 praanittitur
688 642 731 664 ex
761 632 874 664 causis
904 630 1059 673 legitimis
1089 629 1271 671 redierunt.
1310 631 1361 664 vel
1393 634 1422 664 in
1454 631 1675 676 przesentibus
1706 635 1829 665 nostris
1860 633 1963 666 literis
1994 644 2077 667 vei·—

215 693 330 727 borum
361 692 506 734 defectu7
555 694 831 737 interpretatione
860 689 970 728 dubia.
1017 694 1258 725 sententiarum
1288 691 1501 725 obscuritate.
1551 692 1604 725 vel
1635 693 1696 725 alia
1727 695 1845 737 quavis
1875 697 2077 727 occassione

214 757 423 799 compertum
453 753 564 795 suerit.
608 752 648 786 de
690 756 781 786 certa
822 756 933 785 nostra
964 754 1103 785 scicntia
1134 763 1172 785 ac
1201 752 1242 785 de
1271 753 1428 798 pi·a·dicte
1457 753 1640 798 imperialis
1670 753 1874 798 plenitudine
1904 757 2077 799 potestatis

216 825 282 848 non
318 813 526 847 obstantibus
570 813 712 857 legibus,
759 811 1069 847 coiisuetudinibus.
1118 812 1243 851 usibus.
1291 813 1530 848 observantiis.
1575 813 1702 856 juribus
1740 814 1992 859 municipalibus
2023 815 2076 848 vel

216 874 447 908 communibus
477 877 606 908 statutis
636 884 695 908 seu
730 873 846 906 edictis
877 873 1016 919 publicis
1052 871 1105 907 vet
1136 876 1289 919 privatis.
1327 874 1422 908 l'actis
1452 879 1485 907 et
1513 874 1611 908 editis
1642 877 1671 908 in
1702 878 1903 908 contrarium
1933 874 2076 919 quibus—

217 945 362 979 cunque,
393 946 476 980 quas
506 940 537 968 et
567 947 651 980 quac.
680 939 836 979 quantum
867 934 906 968 ad
937 934 1020 976 lizec.
1051 946 1090 967 ac
1119 937 1144 968 si
1175 938 1368 968 nominatim
1398 940 1429 969 et
1450 935 1491 969 de
1513 934 1616 969 verbo
1637 936 1676 969 ad
1699 935 1838 969 verbum
1859 935 2076 981 praesentibus

215 998 374 1041 inscripta
404 1000 435 1028 et
465 999 590 1030 inserta
618 998 855 1033 consisterent„
885 998 981 1028 etiam
1012 997 1040 1028 si
1069 995 1110 1028 de
1146 994 1196 1029 liis
1222 997 1298 1038 jure
1328 996 1381 1030 vel
1412 997 1657 1030 consuetudine
1687 996 1825 1030 deberet
1854 996 1923 1030 lieri
1955 999 2076 1030 mentio

215 1056 384 1102 specialis,
428 1067 643 1097 revocamus,
690 1067 877 1090 cassanias.
926 1058 1103 1091 irritamus.
1150 1056 1359 1090 annullamus
1396 1060 1426 1090 et
1466 1056 1506 1090 de
1544 1057 1630 1090 dicte
1659 1060 1874 1102 imperatorie
1902 1060 2075 1103 potestatis

216 1117 421 1162 plenitudine
450 1117 663 1151 decernimus
693 1116 857 1150 firmitatis
887 1117 960 1150 fore
989 1116 1106 1150 nullius
1137 1119 1268 1162 penitus
1298 1117 1351 1151 vel
1381 1120 1548 1151 momenti.
1579 1116 1664 1150 Nulli
1685 1128 1768 1162 ergo
1790 1117 1956 1151 lioniinum
1978 1118 2076 1151 liceat

216 1178 301 1211 banc
332 1182 453 1211 nostrae
483 1179 717 1222 adjunctionis,
749 1180 1030 1223 incorporationis
1059 1180 1344 1223 inviscerationis7
1387 1180 1610 1222 ascriptionis.
1653 1181 1944 1223 appropriationiS.
1989 1190 2076 1212 con—

210 1240 406 1282 junctionis.
439 1241 734 1284 interpretationis‚
765 1241 1055 1283 pronuntiationis.
1103 1238 1319 1276 dil'linitionis,
1362 1241 1627 1283 protestationis.
1657 1238 1905 1274 declarationis.
1935 1238 2075 1272 decreti.

214 1298 403 1332 defectuum
434 1299 664 1344 suppletionis.
695 1301 934 1333 revocationis.
957 1301 1169 1333 cassationis.
1200 1301 1391 1332 irritationis
1413 1303 1444 1332 et
1464 1299 1699 1332 annullationis
1721 1301 1874 1344 paginam
1892 1298 2075 1343 infringere

216 1360 268 1393 vel
298 1361 326 1391 ei
357 1370 440 1393 ausu
471 1361 648 1392 temerario
678 1361 707 1392 in
739 1359 848 1403 aliquo
878 1362 1057 1392 contraire.
1098 1360 1306 1393 Contrarium
1336 1371 1419 1393 vero
1449 1359 1624 1394 facientes.
1672 1362 1699 1392 si
1729 1363 1781 1405 qui
1812 1360 1944 1395 fuerint.
1988 1360 2074 1406 quod

213 1419 311 1460 absit.
344 1420 426 1453 ultra
457 1419 719 1464 indignationem
750 1424 870 1453 nostrie
900 1420 1118 1456 celsitudinis.
1149 1432 1246 1466 quam
1276 1420 1316 1454 ob
1347 1420 1408 1454 boc
1439 1432 1475 1454 se
1505 1424 1660 1454 noverint
1688 1424 1839 1465 graviter
1869 1424 2073 1463 incursuros.

213 1480 304 1514 Mille
341 1479 498 1514 Mai-elias
536 1483 606 1514 auri
645 1484 716 1526 puri
752 1484 866 1513 nostro
904 1485 935 1513 et
974 1481 1198 1514 Romanorum
1231 1482 1338 1526 Regni
1369 1482 1450 1516 lisco
1479 1486 1691 1526 componant.
1741 1485 1885 1526 ipsarum
1916 1482 2074 1516 videlicet

213 1541 427 1575 medietatem
457 1546 577 1576 nostrae
606 1553 665 1575 seu
693 1552 930 1575 successormn
961 1547 1148 1576 nostrorum
1167 1543 1273 1575 Uuriae
1295 1553 1354 1576 seu
1377 1542 1526 1575 Camerze
1557 1547 1587 1576 ct
1608 1543 1768 1587 reliquam
1791 1545 1899 1587 passis
1919 1544 2072 1586 injuriam

214 1602 493 1636 irremissibiliter
530 1602 771 1648 applicandam.
830 1602 968 1643 Signum
1006 1603 1221 1637 Serenissimi
1249 1603 1414 1648 Principis
1444 1607 1474 1636 et
1506 1603 1634 1636 Domini
1664 1602 1796 1636 Domini
1826 1602 1939 1636 Karoli
1969 1607 2073 1648 miarti

216 1661 443 1696 Romanorum
473 1662 691 1708 Imperatoris
723 1662 940 1697 Invictissimi
979 1668 1010 1697 et
1038 1664 1272 1708 gloriosissimi
1302 1663 1446 1697 ssoemiae
1479 1664 1594 1708 Regis.
1652 1663 1756 1707 Hujus
1786 1666 1832 1696 rei
1863 1668 1968 1697 testes
1998 1668 2074 1698 sunt

214 1721 426 1756 Venerabilis
467 1724 632 1756 Arnestus
680 1723 955 1769 archiepiscopus
1004 1724 1195 1768 Pragensis,
1245 1724 1378 1758 illustris
1415 1724 1609 1770 Rudolphus
1649 1727 1762 1758 senior
1792 1724 1951 1758 Saxoniae
1981 1724 2071 1757 Dux.

214 1786 302 1816 sacri
333 1786 461 1828 imperii
491 1783 852 1818 Areliimai-esclialcns
882 1785 1068 1818 avunculus
1098 1789 1222 1818 noster.
1253 1796 1292 1818 ac
1322 1784 1542 1819 Venerabiles
1570 1785 1749 1818 Preczlaus
1778 1785 2072 1818 U'ratislavieusis

213 1844 437 1877 cancellarius
467 1845 549 1877 auta—
580 1849 712 1877 nostrw.
752 1845 925 1878 Jobannes
957 1845 1202 1882 olomucensis.
1251 1846 1421 1880 Jobannes
1451 1846 1790 1880 Lutlioumsclilensis.
1841 1846 2071 1879 Tlieodoricus

213 1904 398 1938 Mindensis
428 1910 458 1938 et
491 1905 656 1938 Henricus
686 1905 880 1940 Lubicensis
910 1907 1130 1940 ecclesiarum
1162 1906 1330 1952 Episcopi.
1371 1905 1519 1940 Illuslres
1550 1906 1743 1951 Rudolplnis
1771 1908 1883 1950 junior
1913 1906 2070 1939 Saxonia·

212 1970 243 1999 et
274 1965 446 1999 Jobannes
485 1965 710 2011 Oppaviensis
748 1966 872 2001 Duces.
921 1967 1122 2012 spectabiles
1155 1966 1368 2011 Burgliardus
1400 1967 1560 2011 Magister
1589 1970 1688 2000 curia·
1718 1972 1840 2000 nosti-:1¹
1871 1966 2071 2010 burgravius

213 2025 528 2071 Magdeburgensis.
559 2026 723 2060 Henricus
753 2028 794 2060 de
824 2027 1066 2072 Swarczbing,
1096 2027 1268 2062 Jobannes
1298 2027 1600 2073 Magdeburgensis
1630 2032 1660 2059 et
1692 2027 1849 2060 Albertns
1879 2027 1919 2060 de
1943 2027 2067 2060 Aulialt

212 2087 371 2123 Comites.
402 2092 431 2120 et
462 2087 599 2120 Nobiles
615 2086 793 2122 Jobannes
823 2089 863 2121 de
887 2088 1109 2133 Rosemherg.
1139 2089 1311 2122 Jobannes
1340 2089 1381 2122 de
1402 2088 1598 2132 Sternberg.
1629 2087 1754 2121 Sbinco
1785 2088 1824 2120 de
1846 2087 2068 2128 Hasemburg.

212 2147 398 2181 Boliuslaus
436 2149 476 2181 de
513 2148 793 2193 Swannenberg.
830 2149 967 2182 Boczko
1006 2149 1045 2182 de
1074 2149 1235 2192 Kunstat.
1273 2150 1470 2183 Dowessius
1510 2148 1549 2182 de
1590 2148 1763 2193 Kempnitz
1801 2152 1833 2181 et
1863 2148 1993 2182 [li-icus
2029 2149 2070 2181 de

212 2207 302 2242 Usca
333 2212 364 2241 et
394 2209 446 2242 alii
477 2220 571 2253 quam
603 2209 713 2254 plures
743 2213 846 2243 nostri
875 2209 1000 2243 fideles.
1032 2210 1247 2244 Przesentiuin
1277 2210 1337 2244 sub
1358 2209 1444 2243 bulla
1465 2220 1565 2242 aurea
1587 2212 1718 2255 typario
1741 2213 1862 2242 nostra²
1888 2209 2070 2255 imperialis

210 2268 394 2313 MaJestatis
424 2272 588 2315 impressa
619 2272 808 2304 testimonio
838 2270 1017 2304 literarum,
1063 2271 1181 2304 Datum
1204 2271 1320 2315 Pragae
1339 2271 1440 2304 Anno
1460 2269 1590 2304 Domini
1618 2269 1791 2303 Millesimo
1814 2269 2069 2303 Trecentesimo

210 2333 486 2375 quinquagesimo
516 2334 648 2376 quinto.
687 2335 807 2365 octava
838 2331 1034 2365 indictione.
1065 2333 1206 2377 septimo
1236 2331 1311 2365 Idus
1342 2330 1496 2365 Octobris
1525 2331 1719 2375 Regnorum
1750 2334 1938 2364 nostrorum
1970 2331 2069 2364 Anno

210 2390 339 2423 decimo
369 2390 502 2437 Imperii
532 2402 615 2424 vero
644 2394 760 2436 primo.

520 2462 594 2498 (Ans
621 2462 717 2488 l'rivil,
746 2462 817 2493 neg.
846 2462 914 2489 Holi.
942 2463 1074 2490 Manusk.
1105 2462 1141 2491 M.
1168 2464 1232 2491 vti.
1266 2466 1302 2489 25
1328 2473 1354 2496 p.
1387 2463 1441 2488 152
1468 2463 1502 2489 im
1528 2461 1795 2488 Laudes-Arciam:
1823 2478 1858 2480 —
1888 2462 1937 2487 izei
1964 2461 2067 2487 Balbin

626 2515 681 2539 und
708 2514 829 2539 (hutttast
856 2522 987 2548 ungentur
1013 2514 1217 2551 abgodruekt.)

1905 2645 1943 2669 :14
