2206 2735
1011 38 1054 70 ‘32

996 167 1071 201 97.

103 255 143 287 li.
175 254 266 287 lim-I
293 253 353 286 11⁷.
385 252 571 296 bestoliye!
601 254 672 286 dem
704 253 759 286 li'l.
791 254 887 287 Sam·
917 255 1002 287 :urei
1042 254 1235 290 t‘rlmmten.
1275 257 1351 288 eine
1390 258 1594 301 (ιρις-90318111
1632 257 1738 290 Aureli
1775 257 1865 291 Smil
1900 270 1965 292 ron

173 313 399 358 I.i‹·li!eulmr9
431 313 542 349 1265.
572 314 626 347 die
657 315 776 347 z-ireilt‘
805 314 910 347 ‹im-eli
940 314 1106 348 Heinrich
1136 328 1200 350 ron
1231 316 1459 362 l,ia·li{e11!nu·9
1491 317 1600 352 1323.
1632 339 1683 343 —-
1712 318 1770 352 Dl.
1802 318 1896 363 I’ragJ

879 375 938 408 27.
972 375 1048 408 .ΙηΙὶ
1076 375 1187 410 1351.

261 450 431 503 Rau-otus
461 469 512 503 dei
541 473 654 508 gravia
685 469 913 503 Rmnanorum
944 469 1018 504 Rex
1058 483 1191 517 semper
1223 474 1397 514 Augustus
1428 477 1461 506 et
1491 472 1626 507 Boemie
1656 473 1729 508 Rex
1769 473 1807 507 ad
1838 484 1967 520 perpe-

103 536 187 563 tuam
226 533 274 563 rei
313 533 518 564 memoriam.
559 530 701 574 Dignum
733 529 941 572 arbitramur,
980 536 1013 564 vt
1052 543 1270 578 personarum
1311 534 1543 577 religiosarum
1573 534 1845 577 eoniodiiantms,
1884 545 1965 579 quas

101 594 181 625 ‹it-us
219 596 332 625 nostre
370 594 534 625 maiestati
573 591 711 624 tuendas
750 594 914 625 commisit
952 603 990 625 ac
1027 592 1191 635 regularis
1228 593 1395 639 professio
1425 593 1545 627 diuinis
1574 593 1744 640 obsequiis
1773 595 1967 640 specialiter

104 653 282 686 ‹lt-dicauit.
313 653 514 697 vigilant-ias
544 651 724 686 debeamus
756 652 942 689 intendere.
972 656 1088 697 eisque
1118 656 1246 697 regium
1275 653 1424 688 saniorem
1455 654 1635 688 liberaliter
1663 657 1832 700 impartiri.
1873 654 1965 689 Sam·

103 727 162 760 pro
202 718 296 760 parte
326 713 521 747 deuotoruui
561 717 761 747 nostrorum.
801 712 942 746 Abbatis
972 718 1002 747 et
1033 715 1227 747 conuentus
1257 713 1451 748 Illonasterii
1487 717 1516 748 iu
1549 715 1630 748 Sar.
1669 715 1794 748 ordinis
1825 715 1968 762 Cyster—

102 778 246 809 riensis.
287 779 440 820 porrecta
471 773 565 807 uobis
596 776 716 819 peticio
747 773 956 808 continebat.
996 779 1160 820 quatenus
1198 775 1324 808 litteras
1354 780 1383 808 et
1414 775 1587 820 priuilegia
1617 786 1731 809 corum
1767 775 1965 822 infrascripti

104 839 226 869 tenoris
266 838 438 869 innouare.
478 834 665 881 approbare
703 839 733 868 et
773 836 972 868 contii-mare
1003 835 1043 868 de
1073 835 1338 869 mansuetudinis
1368 839 1482 869 nostre
1511 836 1694 869 clemencia
1734 835 1966 881 dignaremur.

109 907 245 940 quarum
276 899 379 942 prime
409 896 516 930 littere
545 900 641 930 tenor
670 898 818 941 sequitur
854 898 885 929 in
924 895 985 929 bec
1016 895 1140 930 verba:
1170 895 1205 929 lu
1236 896 1371 930 nomine
1408 900 1525 931 sancte
1560 900 1591 929 et
1621 896 1787 930 indiuidue
1817 899 1967 931 trinitatis

105 959 226 991 Amen.
270 956 338 990 Nos
368 956 472 990 Ziuilo
503 956 543 990 dc
572 956 878 999 Leueliteinburcli,
910 957 996 991 Baro
1026 957 1167 990 lllustris
1196 956 1302 1001 Regis
1333 956 1490 990 Boemie.
1521 956 1675 991 omnibus
1706 961 1881 1003 presentes
1911 961 1968 992 in-

104 1021 269 1064 specturis
308 1017 449 1051 salutem
487 1029 560 1051 cum
599 1018 804 1064 plenitudiue
842 1020 950 1051 onmis
990 1017 1079 1051 boni.
1137 1017 1208 1051 Etsi
1245 1018 1351 1051 zelum
1381 1021 1516 1065 pietatis
1546 1017 1585 1052 ad
1615 1029 1733 1052 omncs
1761 1019 1970 1063 generaliter

103 1078 287 1112 extendere
324 1083 514 1121 teneamur,
553 1079 743 1124 specialiter
779 1083 890 1112 tamen
926 1078 1096 1124 amplioris
1134 1081 1265 1124 pietatis
1302 1083 1334 1112 et
1370 1082 1484 1123 gracie
1528 1082 1743 1125 prerogatiua
1786 1090 1968 1113 censemus

104 1140 239 1184 dignos.
279 1150 417 1185 quorum
457 1143 523 1173 vita
563 1139 736 1173 laudabilis
775 1139 960 1173 seeundum
996 1142 1188 1173 meritorum
1227 1142 1439 1183 exigenciam
1477 1139 1516 1173 ad
1555 1139 1740 1173 huiusmodi
1776 1142 1909 1185 pietatis
1938 1145 1972 1174 et

103 1203 218 1245 «gracie
247 1202 392 1244 insignia
421 1200 522 1233 eflicit
551 1202 720 1246 aptioresg
764 1210 827 1244 qua
857 1199 898 1233 de
927 1210 1028 1234 causa
1059 1199 1308 1234 venerabilibus
1338 1203 1419 1234 viris
1450 1200 1573 1234 Abbati
1604 1205 1635 1234 et
1664 1200 1817 1246 Capitulo
1846 1203 1877 1234 in
1908 1201 1973 1235 Sar

105 1262 142 1293 :ni
174 1261 333 1294 honorem
364 1260 416 1293 dei
447 1272 485 1293 ar
515 1263 699 1305 genetricis
729 1263 812 1303 eius,
845 1263 895 1293 cui
921 1261 1059 1294 inilitaut
1079 1264 1110 1294 iu
1131 1262 1217 1294 l'ama
1239 1266 1272 1294 ct
1292 1264 1560 1295 conuersaei0ne
1581 1260 1734 1295 laudabili
1756 1273 1794 1294 ac
1815 1260 1969 1296 honesta.

106 1334 145 1354 m
177 1321 362 1354 all‘eceione
392 1324 539 1361 sineerai
577 1332 641 1366 qua
671 1320 899 1354 venerabitem
930 1324 1049 1355 virum.
1085 1321 1251 1355 domimini
1282 1321 1482 1355 wint-icum.
1524 1321 1701 1364 Abbateni„
1740 1322 1972 1368 amplectimur

105 1389 134 1415 ct
166 1382 350 1428 Capitulum
388 1381 464 1415 dicti
495 1382 569 1425 loci,
609 1382 777 1428 Capellam
807 1385 839 1415 in
870 1381 1059 1416 Ghottibors
1095 1394 1168 1416 cum
1197 1382 1273 1415 dote
1303 1385 1375 1416 eius
1405 1387 1437 1415 et
1466 1382 1628 1416 deciiuam
1659 1382 1822 1416 Tbelouei
1852 1381 1971 1416 ibidem

107 1444 203 1489 pleno
233 1446 304 1476 iure
333 1454 372 1476 ac
402 1442 553 1488 presecta
583 1442 737 1477 libertate
767 1454 810 1476 ex
839 1442 1089 1477 deliberacione
1118 1448 1245 1477 matura
1282 1443 1481 1477 contulimus
1517 1446 1548 1476 iu
1577 1443 1758 1477 remedium
1788 1446 1970 1477 animarum

108 1506 358 1550 progenitorum
388 1515 427 1537 ae
457 1515 696 1538 successorum
733 1509 925 1538 nostrorum
955 1509 988 1537 et
1017 1509 1179 1538 nostrum.
1220 1503 1257 1538 Iu
1286 1508 1379 1538 cuius
1408 1507 1456 1538 rei
1487 1507 1711 1538 testimouium
1741 1515 1885 1550 presens
1916 1507 1972 1537 in·-

107 1569 324 1598 strumentum
359 1576 458 1610 super
495 1564 556 1598 boe
593 1564 783 1599 eonl'ectum
822 1564 891 1598 dari
928 1564 1067 1599 fecimus
1104 1566 1229 1599 eisdem
1260 1565 1358 1610 sigilli
1389 1567 1492 1599 nostri
1525 1564 1703 1598 karacterc
1731 1567 1970 1610 consiguitum.

109 1636 182 1659 cum
221 1628 444 1659 anuotacione
481 1629 621 1668 testium,
660 1629 713 1671 qui
746 1629 941 1669 intererant.
979 1625 1255 1671 subscriptorum„
1294 1629 1348 1670 qui
1385 1630 1459 1659 sunt
1495 1624 1563 1658 hii:
1599 1624 1760 1668 Jacobus,
1790 1624 1972 1667 Henricus‚

110 1685 266 1729 sunaus,
302 1686 471 1732 Capeliani
505 1689 621 1729 nostri,
660 1686 873 1720 Wernberus
911 1685 1016 1720 dictus
1052 1689 1197 1732 piscator
1225 1686 1335 1720 Judex
1366 1689 1397 1720 in
1427 1686 1536 1720 Broda
1575 1689 1607 1718 et
1644 1686 1697 1719 alii
1734 1697 1830 1731 quam
1860 1685 1974 1731 plures

111 1748 233 1780 Actum
263 1749 295 1780 iu
325 1746 543 1780 Samii-burch
572 1748 672 1781 Anno
702 1747 826 1781 domini
854 1746 1032 1781 Millesimo
1066 1747 1295 1781 ducentesimo
1331 1749 1547 1792 sexagesimo
1586 1749 1700 1792 quinto
1738 1749 1770 1780 in
1805 1746 1858 1780 die
1887 1745 1976 1780 beati

112 1807 249 1840 Andree
279 1807 432 1854 apostoli.
489 1808 610 1841 Datum
638 1807 759 1842 ibidem
790 1819 850 1854 per
879 1819 996 1842 manus
1025 1807 1155 1842 Notarii
1183 1811 1285 1842 nostri
1317 1808 1449 1842 Gerlaci
1487 1811 1603 1853 quarto
1632 1806 1747 1841 Nonas
1776 1807 1975 1841 Decembris

112 1869 210 1901 Auno
240 1868 436 1902 indiccionis
465 1873 596 1903 octauo.
617 1888 668 1893 -—
689 1868 847 1902 Secunde
876 1880 959 1902 vero
987 1869 1097 1903 littere
1126 1874 1222 1903 tenor
1250 1869 1323 1902 talis
1352 1873 1423 1902 est:
1459 1868 1495 1902 In
1528 1872 1661 1902 nomine
1690 1868 1822 1902 Domini
1851 1869 1974 1902 Amen.

114 1927 182 1962 Nos
210 1928 378 1962 Henricus
409 1928 516 1962 dictus
546 1929 586 1962 de
614 1928 891 1963 Leucbtenlmrcb
922 1934 1038 1963 tenore
1067 1932 1278 1976 presencium
1300 1928 1463 1971 omnibus,
1494 1940 1632 1974 quorum
1662 1932 1814 1971 interest,
1843 1933 1897 1962 aut
1916 1931 1975 1962 in-

114 1994 243 2023 teresse
271 1993 404 2035 poterst,
434 1993 586 2035 cupiinns
614 1989 688 2025 sore
717 1994 843 2031 notum,
873 1990 960 2036 quod
989 1993 1062 2036 pias
1091 1991 1299 2025 donaciones
1328 1994 1442 2036 quinte
1470 1993 1572 2035 partis
1602 1990 1762 2024 Tbelonei
1788 1992 1821 2023 in
1842 1989 1975 2023 Chom-

116 2050 206 2092 bors,
237 2053 458 2085 exaccionem
487 2051 648 2096 regalem,
678 2062 741 2097 que
770 2051 892 2085 dicitur
921 2050 1044 2095 Berua,
1074 2055 1106 2086 in
1136 2053 1214 2086 villa
1234 2051 1496 2086 Heinreiehdorf
1522 2063 1595 2086 eum
1623 2051 1772 2086 eiusdem
1792 2050 1872 2084 ville
1891 2060 1976 2096 pro-

115 2114 257 2156 prietate
285 2110 345 2145 sub
374 2113 458 2154 iure,
489 2121 554 2157 quo
583 2111 694 2145 dilecti
721 2115 827 2146 nostri
856 2115 911 2159 pie
942 2112 1194 2147 recordacionis
1223 2117 1317 2158 pater
1345 2117 1479 2156 noster,
1509 2112 1614 2146 dictus
1644 2111 1789 2153 Vtricus,
1819 2122 1883 2144 uec
1908 2121 1976 2144 non

131 2175 220 2205 rater
248 2176 374 2214 noster,
406 2171 511 2206 dictus
540 2171 644 2206 Zmilo
674 2171 715 2205 de
734 2171 1004 2217 Leuchtenhurg,
1035 2176 1068 2207 in
1097 2173 1277 2208 remedium
1309 2176 1418 2207 anime
1438 2184 1498 2207 sue
1519 2172 1662 2206 ecclesie
1690 2174 1721 2205 iu
1744 2171 1818 2213 Sar„
1849 2170 1974 2205 ordinis

116 2232 375 2278 Cysterciensis7
406 2232 588 2267 liberaliter
616 2233 746 2278 elargiti
777 2238 866 2280 sunt7
895 2234 999 2268 veluti
1028 2245 1143 2269 eorum
1173 2234 1348 2280 priuilegia
1378 2233 1508 2280 publice
1529 2232 1735 2279 profitentur,
1765 2242 1826 2265 nos
1851 2230 1976 2265 infrin-

115 2304 197 2337 gere
226 2305 286 2327 seu
314 2293 443 2327 violare
480 2294 669 2328 nullatenus
707 2297 894 2341 cupientes„
931 2294 991 2329 sed
1021 2295 1122 2328 multo
1150 2294 1277 2328 sorcius
1306 2295 1447 2328 eandem
1476 2293 1708 2335 donacionem,
1747 2294 1779 2326 in
1817 2295 1975 2338 quantum

119 2359 231 2388 nostra
267 2357 421 2397 interest,
464 2354 630 2389 ratificare
665 2359 698 2390 et
732 2355 945 2399 confirmare,
983 2359 1209 2402 precipientes
1246 2359 1279 2389 in
1307 2355 1370 2389 biis
1399 2357 1532 2400 scriptis
1561 2356 1686 2387 nostris
1716 2352 1892 2395 Officiatis‚
1921 2355 1977 2398 qui

117 2427 176 2460 pro
214 2419 365 2461 tempore
402 2414 537 2458 fuerint,
576 2415 636 2450 sub
672 2415 810 2450 obtentu
847 2419 965 2461 gracie
1000 2421 1128 2459 nostre,
1163 2427 1206 2450 ne
1241 2416 1422 2463 predictam
1460 2415 1639 2449 eeclesiam
1670 2414 1735 2448 Sar
1763 2416 1795 2447 in
1824 2412 1977 2447 libertate

118 2475 340 2520 predictarum
370 2475 592 2510 donacionum
620 2479 805 2522 inquietare
835 2477 1020 2523 aliqualiter
1048 2477 1193 2511 audeant
1220 2477 1272 2511 uel
1303 2480 1508 2523 presumant.
1563 2475 1605 2509 Et
1634 2477 1666 2508 in
1696 2474 1792 2508 huius
1825 2472 1977 2508 ratifica-

120 2539 226 2570 cionis
256 2536 463 2571 euidenciam
492 2548 633 2583 presens
663 2540 821 2584 scriptum
851 2543 968 2573 nostro
996 2538 1057 2573 sub
1087 2538 1195 2583 sigillo
1225 2537 1374 2584 predicte
1404 2537 1551 2571 ecclesie
1588 2535 1742 2570 duximus
1772 2534 1978 2569 condonan-
