2206 2735
1116 46 1163 82 81

220 162 468 204 procuratorem
498 162 585 192 tuum
615 157 653 192 ad
683 157 746 191 hoc
774 157 964 204 specialiter
991 160 1202 192 constitutum
1230 158 1316 193 infra
1345 162 1439 193 unius
1468 164 1591 195 mensis
1622 165 1763 208 spatium
1797 168 1967 209 postquam
2004 165 2057 199 tibi

222 219 274 252 vel
302 219 408 252 eidem
439 220 645 265 procuratori
673 221 806 252 vacatio
835 219 959 253 illarum
990 218 1044 252 vel
1071 218 1198 252 illorum
1227 222 1403 253 innotuerit
1431 220 1567 255 duxeris
1596 223 1819 269 acceptandus
1848 225 1901 258 vel
1931 236 2057 271 accep-

220 279 337 313 tandos
365 291 422 314 seu
452 279 667 325 acceptanda,
697 278 931 322 conserendas,
962 278 1016 312 vel
1044 279 1279 322 conferendos,
1310 291 1369 313 seu
1398 281 1601 315 conferenda
1623 283 1678 316 tihi
1699 289 1773 329 post
1794 288 2055 330 acceptationem

219 339 403 374 huiusmodi
432 351 505 373 cum
535 339 688 373 oumihus
718 339 842 373 iuribus
871 344 904 372 et
932 341 1138 385 pertinentiis
1167 342 1235 373 suis
1252 340 1418 374 donationi
1440 343 1622 387 apostolice
1642 354 1858 378 reservamus
1880 346 2056 380 districtius

218 399 405 434 inhibentes
434 399 615 433 venerabili
644 399 737 433 fratri
766 404 880 434 nostro
910 426 917 432 .
944 426 950 433 .
981 398 1150 444 Episcopo
1180 404 1212 433 et
1240 400 1368 434 dilectis
1389 401 1461 435 liliis
1481 401 1618 436 Decano
1639 407 1671 436 et
1692 404 1839 449 Capitulo
1860 403 2054 440 Olomucen.

218 472 255 494 ac
285 461 326 494 illi
356 460 410 493 vel
438 460 500 493 illis
529 459 568 493 ad
598 472 692 506 quem
723 461 776 494 vel
805 460 845 493 ad
874 470 956 505 quos
985 462 1016 493 in
1044 459 1130 493 dicta
1160 460 1304 494 ecclesia
1334 461 1574 507 prebendarum
1606 467 1637 496 81
1667 463 1860 508 dignitatum
1890 466 1942 498 vel
1972 478 2052 512 per-

217 525 387 554 sonatuum
417 532 476 554 seu
504 520 686 555 officiorum
717 521 846 554 collatio
876 520 1024 566 provisio
1054 531 1113 554 seu
1143 523 1260 566 quevis
1289 521 1350 554 alia
1381 522 1555 568 dispositio
1584 526 1726 568 pertinet
1755 529 1971 559 conminuiter
2001 528 2053 561 vel

216 581 357 623 divisim,
387 592 428 614 ne
458 581 498 614 de
528 581 694 627 prebenda
724 586 756 615 et
783 581 941 625 dignitate
970 593 1029 615 seu
1059 586 1240 627 personatu
1270 582 1323 615 vel
1352 581 1462 616 officio
1492 583 1675 617 huiusmodi
1705 586 1831 618 interim
1860 588 1955 619 etiam
1977 592 2053 621 ante

215 644 477 686 acceptationem
513 642 664 684 eandem,
703 644 764 675 nisi
802 646 976 688 postquam
1005 644 1054 675 eis
1084 644 1270 675 constiterit
1298 642 1383 688 quod
1413 647 1445 677 tu
1473 644 1526 677 vel
1560 649 1755 689 procurator
1783 645 1952 690 predictus
1982 647 2052 681 illas

215 702 267 735 vel
302 702 373 735 illos
409 713 469 735 seu
504 702 556 736 illa
594 702 765 735 volueritis
803 706 993 747 acceptare,
1031 701 1208 748 disponere
1237 714 1300 748 quo
1329 703 1492 748 quomodo
1521 709 1723 750 presumant‚
1763 717 1801 738 ac
1831 706 2051 741 decernentes

215 773 259 795 ex
295 766 372 796 tunc
406 764 530 795 irritum
565 766 595 795 et
630 764 728 795 inane
766 764 793 795 si
829 772 928 795 secus
968 773 1068 807 super
1106 762 1167 795 hiis
1203 774 1220 796 a
1251 774 1414 808 quoquam
1452 767 1568 808 quavis
1598 768 1794 799 auctoritate
1824 769 1970 800 scienter
1998 769 2050 801 vel

214 825 410 866 ignoranter
446 824 622 866 contigerit
651 825 848 867 attemptari.
904 821 978 855 Non
1015 821 1145 856 obstan.
1176 822 1216 856 de
1253 828 1345 857 certo
1375 823 1618 859 Canonicorum
1648 837 1784 860 numero
1805 831 1835 860 et
1856 827 2052 872 quibuslibet

213 883 284 917 aliis
314 886 417 929 ipsius
446 883 592 916 ecclesie
621 885 751 916 statutis
781 887 813 916 et
842 882 1136 917 consuetudinibus
1165 887 1341 918 contrariis
1372 887 1553 919 iuramento
1582 886 1832 920 confirmatione
1870 889 2050 932 apostolica

212 944 265 978 vel
295 955 500 990 quacumque
529 942 679 976 firmitate
709 943 770 976 alia
799 942 973 977 roboratis.
1034 944 1096 977 Aut
1131 948 1157 977 si
1186 945 1283 990 aliqui
1312 946 1496 991 apostolica
1535 946 1587 980 vel
1617 947 1678 980 alia
1708 950 1826 993 quavis
1855 951 2050 983 auctoritate

212 1007 244 1038 in
272 1004 387 1038 eadem
416 1004 557 1037 ecclesia
587 1006 617 1037 in
648 1002 836 1036 Canonicos
865 1006 930 1037 sint
957 1006 1094 1049 recepti,
1125 1005 1179 1038 vel
1208 1010 1240 1038 ut
1270 1008 1472 1052 recipiantur
1503 1009 1663 1040 insistant.
1696 1008 1763 1041 Seu
1791 1010 1818 1041 si
1847 1019 1948 1053 super
1967 1020 2050 1055 pro-

212 1064 396 1099 visionibus
425 1064 488 1098 sibi
516 1063 678 1098 faciendis
702 1063 742 1097 de
772 1063 1029 1098 Canonicatibus
1063 1069 1096 1098 et
1123 1065 1302 1110 prebendis
1338 1078 1377 1100 ac
1406 1066 1618 1112 dignitatibus
1649 1068 1702 1101 vel
1730 1068 1960 1113 personatibus
1989 1081 2049 1104 seu

210 1125 329 1160 officiis
364 1128 395 1159 in
433 1128 504 1171 ipsa
541 1125 687 1158 ecclesia
719 1124 884 1170 speciales
925 1125 979 1158 vel
1006 1125 1046 1158 de
1076 1125 1246 1159 beneficiis
1276 1126 1515 1161 ecclesiasticis
1544 1130 1575 1161 13
1605 1125 1666 1162 11115
1694 1128 1840 1174 partibus
1868 1130 2048 1173 generales

210 1190 343 1220 nostras
370 1186 425 1220 vel
453 1186 731 1232 predecessorum
760 1189 947 1218 nostrorum
976 1185 1200 1219 Romanorum
1230 1186 1422 1220 Pontificum
1452 1192 1505 1221 aut
1534 1188 1719 1232 legatorum
1748 1188 1836 1222 sedis
1866 1190 2047 1235 apostolice

210 1248 334 1281 litteras
370 1249 585 1292 311118113τί31,
623 1248 749 1279 etiamsi
784 1256 842 1291 per
879 1256 936 1279 eas
971 1246 1010 1279 ad
1048 1246 1274 1280 inhibitionem
1306 1249 1574 1281 reservationem
1609 1252 1641 1281 81
1678 1248 1845 1282 decretum
1882 1250 1936 1283 vel
1966 1250 2046 1284 alias

209 1307 454 1354 quomodolibet
489 1309 530 1341 sit
564 1317 770 1352 processum⁷
808 1305 924 1351 quihus
960 1306 1111 1340 omuibus
1141 1311 1348 1352 preterquam
1378 1310 1573 1341 auctoritate
1600 1313 1713 1342 nostra
1742 1311 1774 1342 in
1802 1311 1872 1354 ipsa
1901 1311 2046 1344 ecclesia

207 1371 366 1414 receptis,
402 1368 455 1402 vel
493 1366 679 1413 prebendas
713 1370 767 1400 aut
803 1366 979 1410 dignitates
1014 1367 1068 1400 vel
1104 1373 1300 1413 personatus
1336 1380 1396 1402 seu
1433 1368 1543 1402 officia
1580 1369 1635 1403 vel
1671 1368 1832 1403 beneficia
1863 1369 2046 1405 huiusmodi

207 1428 460 1474 expectantibus
488 1432 518 1461 18
548 1431 578 1461 111
608 1430 817 1461 assecutione
842 1426 1064 1472 predictorum
1095 1428 1263 1474 prebende
1292 1441 1331 1462 ac
1360 1429 1527 1474 dignitatis
1556 1441 1614 1463 seu
1643 1434 1842 1476 personatus
1872 1431 1926 1464 vel
1946 1430 2045 1465 officii

206 1490 358 1523 volumus
387 1488 557 1530 anteferri7
587 1492 638 1521 set
667 1488 787 1521 nullum
818 1499 876 1533 per
904 1487 965 1522 hoc
994 1491 1043 1522 815
1072 1500 1136 1533 quo
1165 1489 1204 1522 ad
1235 1492 1480 1524 assecutionem
1514 1489 1756 1535 prebendarum
1785 1502 1823 1524 38
1852 1491 2044 1535 dignitatum

207 1560 266 1583 seu
296 1554 534 1595 personatuum
561 1549 616 1582 vel
645 1548 829 1582 officiorum
859 1553 891 1582 et
919 1547 1153 1582 beneficiorum
1184 1550 1319 1583 aliorum
1350 1551 1564 1596 preiudicium
1584 1554 1751 1596 generari.
1782 1551 1848 1585 Seu
1872 1554 1899 1585 si
1919 1551 2043 1585 eisdem

205 1609 373 1656 Episcopo
402 1615 433 1643 et
463 1609 612 1655 Capitulo
641 1609 695 1643 vel
723 1609 894 1654 quibusvis
923 1609 994 1642 aliis
1023 1614 1242 1644 communiter
1271 1612 1324 1645 vel
1353 1611 1481 1645 divisim
1506 1623 1524 1646 a
1544 1612 1691 1657 predicta
1711 1614 1752 1645 sit
1772 1612 1852 1645 sede
1872 1612 2040 1646 indultum.

205 1670 290 1715 quod
326 1670 365 1704 ad
399 1673 624 1716 receptionem
659 1670 713 1703 vel
748 1672 971 1715 provisionem
1009 1670 1146 1704 alicuius
1185 1674 1317 1705 minime
1352 1676 1536 1713 teneantur„
1574 1677 1606 1706 et
1641 1672 1679 1706 ad
1714 1672 1744 1705 id
1787 1673 1938 1718 compelli
1976 1684 2041 1707 non

204 1734 341 1776 possint,
370 1724 523 1776 quodque
551 1730 592 1764 de
621 1729 878 1764 Canonicatibus
908 1735 939 1763 et
966 1731 1145 1776 prebendis
1174 1743 1213 1766 ac
1242 1732 1455 1777 dignitatibus
1484 1733 1539 1766 vel
1567 1732 1799 1778 personatibus
1835 1744 1893 1767 seu
1923 1733 2039 1767 officiis

167 1813 170 1815 Δ
204 1794 309 1837 1115135
339 1792 483 1824 ecclesie
511 1791 563 1824 vel
593 1790 665 1824 aliis
693 1790 864 1824 beneficiis
892 1790 931 1824 ad
961 1801 1074 1825 eorum
1103 1792 1309 1826 collationem
1340 1796 1563 1838 provisionem
1593 1793 1647 1826 vel
1675 1804 1913 1839 quamcumque
1942 1795 2038 1827 3113111

203 1852 454 1898 dispositionem
489 1854 689 1885 coniunctim
727 1851 782 1885 vel
810 1854 989 1897 separatim
1019 1852 1243 1897 spectantibus
1272 1854 1349 1887 nulli
1376 1854 1488 1887 valeat
1515 1853 1684 1899 provideri
1712 1864 1772 1899 per
1799 1854 1924 1887 litteras
1954 1865 2039 1900 apo-

202 1913 335 1946 stolicas
368 1923 435 1946 303
468 1911 629 1945 facientes
665 1912 795 1958 plenam
833 1916 864 1945 et
900 1923 1097 1957 expressam
1127 1925 1166 1947 ac
1195 1913 1234 1947 de
1265 1914 1367 1948 verbo
1397 1914 1434 1948 ad
1464 1914 1601 1949 verbum
1631 1913 1671 1947 de
1699 1914 1823 1948 indulto
1852 1914 2037 1949 huiusmodi

203 1976 402 2006 mentionem
431 1976 464 2006 81
491 1971 635 2017 qualibet
663 1973 724 2006 3113
753 1972 838 2006 dicte
867 1972 956 2006 sedis
988 1973 1191 2018 indulgentia
1219 1974 1370 2018 generali
1404 1975 1457 2008 vel
1485 1974 1619 2020 speciali
1648 1977 1883 2020 cuiuscumque
1912 1979 2036 2009 tenoris

203 2036 333 2076 existat,
368 2044 428 2078 per
465 2043 560 2077 quam
597 2032 805 2077 presentibus
834 2045 899 2068 non
928 2045 1122 2079 expressam
1156 2035 1210 2068 vel
1238 2036 1381 2069 totaliter
1410 2046 1475 2069 uon
1503 2038 1656 2068 insertam
1686 2034 1824 2069 effectus
1853 2035 2035 2069 huiusmodi

202 2098 313 2128 nostre
341 2096 449 2138 gratie
478 2093 627 2139 impediri
657 2093 767 2127 valeat
794 2094 1039 2140 quomodolibet
1066 2095 1121 2128 vel
1141 2095 1254 2137 differi,
1284 2100 1317 2129 et
1341 2096 1381 2129 de
1401 2106 1462 2140 qua
1483 2098 1641 2140 cuiusque
1661 2099 1729 2129 toto
1750 2100 1865 2129 tenore
1885 2095 2033 2130 habenda

201 2157 241 2188 511
268 2157 299 2188 13
329 2157 453 2188 nostris
482 2154 597 2187 litteris
628 2156 749 2188 mentio
779 2156 946 2200 specialis.
978 2155 1044 2189 Seu
1073 2158 1101 2189 si
1130 2167 1270 2201 presens
1299 2167 1364 2189 non
1394 2155 1496 2189 fueris
1531 2155 1571 2189 ad
1599 2155 1813 2202 prestandum
1842 2155 1882 2189 de
1910 2155 2032 2190 obser-

201 2214 317 2248 vandis
347 2217 475 2248 statutis
504 2218 537 2247 et
564 2214 858 2249 consuetudinibus
886 2218 990 2261 ipsius
1018 2215 1164 2249 ecclesie
1193 2217 1320 2250 solitum
1350 2219 1577 2259 iuramentum‚
1616 2216 1789 2250 dummodo
1821 2219 1853 2249 in
1887 2215 2033 2250 absentia

200 2279 252 2309 tua
289 2286 348 2321 per
385 2279 633 2320 procuratorem
670 2275 837 2320 ydoneum
874 2281 907 2309 et
941 2287 1014 2310 cum
1050 2275 1090 2309 ad
1128 2277 1302 2310 ecclesiam
1340 2279 1447 2322 ipsam
1483 2280 1672 2311 accesseris
1709 2276 1925 2322 corporaliter
1957 2276 2031 2310 illud

198 2340 339 2382 prestes.
392 2335 459 2370 Seu
497 2336 582 2381 quod
620 2339 650 2370 iu
689 2335 911 2381 Bambergen.
948 2340 979 2370 81
1011 2339 1043 2370 13
1076 2339 1180 2370 533811
1217 2336 1333 2370 Jacobi
1362 2340 1457 2370 extra
1486 2348 1598 2371 muros
1627 2336 1846 2382 Bambergen.
1878 2337 2032 2370 ecclesiis

199 2395 421 2430 canonicatus
450 2401 481 2430 et
509 2396 696 2442 prebendas
725 2407 807 2442 quos
832 2396 975 2430 nondum
999 2408 1036 2430 es
1056 2396 1193 2442 pacifice
1213 2401 1397 2440 assecutus,
1428 2401 1461 2431 ut
1480 2400 1603 2431 asseris
1624 2401 1655 2430 et
1673 2396 1894 2443 parochialem
1916 2396 2032 2430 eccle-

199 2459 280 2490 siam
299 2459 331 2490 in
346 2456 514 2491 Madericz
531 2456 725 2491 olomucen.
746 2457 888 2491 diocesis
909 2457 1048 2492 obtines.
1078 2456 1239 2491 Volumus
1261 2461 1370 2490 autem
1389 2457 1472 2503 quod
1494 2460 1728 2503 quamprimum
1748 2460 1866 2502 vigore
1885 2468 2030 2503 presen-

198 2519 277 2550 tium
305 2516 496 2562 dignitatem
524 2517 577 2551 vel
606 2521 820 2564 personatum
849 2522 904 2552 aut
932 2517 1084 2552 Curatum
1113 2517 1255 2552 officium
1288 2517 1427 2564 pacifice
1455 2517 1557 2552 fueris
1586 2522 1758 2552 assecutus
1786 2517 1905 2551 dictam
1924 2528 2030 2564 paro-

1887 2588 1923 2613 11
