2206 2735
1108 76 1173 112 191

1091 241 1198 276 253.

979 318 1011 352 7.
1041 318 1173 352 ιΙιῖηηει·
1204 318 1313 352 1354.

380 371 562 424 Gerlacus
591 387 861 434 archiepiscopus
891 386 1105 431 maguntinus
1136 390 1291 433 princeps
1328 388 1454 422 elector
1481 387 1615 434 Imperii
1644 389 1817 424 confirmat
1845 396 1877 424 et
1906 390 2068 438 approbat

223 449 447 484 venditionem
478 451 668 483 munitionis
702 448 883 483 Hoenstein
923 451 954 481 et
991 447 1185 493 oppidorum
1219 447 1414 482 Hersbruck
1443 452 1474 482 et
1502 448 1662 483 Avrhach
1692 449 1811 484 Carolo
1839 451 2065 486 Romanorum

227 513 300 556 regi
329 515 480 556 tanquam
509 509 596 554 Regi
626 509 771 543 Boemiae
800 513 832 542 et
861 507 1009 552 ejusdem
1040 518 1173 542 coronae
1198 507 1331 542 factam.
1389 508 1442 542 Dt.
1472 508 1643 554 Maguntie
1674 509 1771 544 1354
1800 510 1882 545 feria
1911 515 2063 557 proxima

223 576 298 618 post
325 569 537 618 epiphaniam
571 570 704 604 domini.

530 646 604 685 (Aus
629 647 729 676 Privil,
754 647 826 681 Reg.
852 646 924 675 Boh.
948 645 1130 680 Manuskript
1155 646 1233 681 Sign.
1259 648 1296 674 M.
1326 647 1385 675 Vll.
1412 647 1450 673 28
1476 647 1538 676 Fol.
1565 646 1661 684 3725⁸b
1685 648 1723 674 im
1746 649 2010 683 Landnswehive.)

1096 792 1204 827 ⁶254.

972 869 1007 904 8.
1037 870 1170 904 Jameer
1200 870 1310 904 1354.

380 931 582 984 Baldvinus
612 949 885 995 archiepiscopus
921 949 1143 983 Treverensis
1174 948 1305 995 Imperii
1334 948 1472 983 Elector
1499 950 1669 984 confirmat
1698 956 1731 985 et
1758 952 1919 998 approbat
1946 955 2070 989 vendi—

224 1014 346 1045 tionem
388 1013 577 1045 munitionis
611 1010 797 1044 Hoenstein
840 1015 872 1043 et
918 1010 1111 1056 oppidorum
1150 1009 1340 1044 Hersbruck
1389 1015 1421 1044 et
1459 1010 1632 1045 Awrbach
1679 1011 1799 1046 Carolo
1828 1012 1875 1046 IV
1904 1018 2069 1059 tamquam

223 1071 368 1105 Boemiae
397 1074 468 1116 regi
497 1075 529 1105 et
558 1070 704 1115 ejusdem
734 1073 829 1115 regni
859 1081 992 1104 coronte
1021 1070 1152 1104 factam.
1183 1070 1236 1104 Dt.
1260 1070 1429 1116 lllagunlie
1466 1072 1562 1107 1353
1595 1073 1777 1107 secundum
1808 1075 1914 1108 stilum
1956 1081 2069 1111 nostre

223 1132 368 1166 diocesis
398 1131 619 1166 Treverensis
648 1131 730 1165 feria
759 1136 874 1176 quarta
903 1135 978 1177 post
1006 1131 1215 1177 epiphaniam
1245 1131 1368 1166 domini
1398 1135 1562 1179 proxima.

533 1210 606 1245 (Aus
632 1210 732 1236 privil.
758 1210 832 1244 Reg.
857 1209 931 1237 Boh.
956 1208 1135 1243 Manuskript
1162 1210 1219 1244 sig.
1247 1211 1283 1237 M.
1311 1211 1372 1239 Vll.
1397 1212 1459 1239 Fol.
1485 1211 1579 1247 373fb
1603 1213 1640 1238 im
1664 1213 1922 1251 Landesarcliive.)

1096 1355 1203 1390 255.

977 1433 1012 1467 8.
1042 1433 1174 1467 .](“ιήη[’1·
1205 1433 1314 1467 1354.

379 1491 610 1545 ‘hubelinus
640 1510 914 1557 archiepiscopus
945 1510 1154 1544 Coloniensis
1184 1510 1355 1546 confirmat
1376 1513 1514 1546 eandem
1537 1513 1772 1548 venditionem.
1817 1515 1868 1549 Dt.
1900 1515 2070 1561 Maguntic

229 1571 325 1606 1354
356 1571 437 1606 feria
466 1576 579 1616 quarta
608 1575 759 1617 proxima
790 1576 865 1617 post
894 1571 1101 1618 epiphaniam
1133 1572 1264 1605 domini.

536 1648 609 1677 (Ans
636 1650 732 1678 Privil.
759 1650 832 1684 Reg.
859 1651 956 1678 Hoem.
983 1650 1162 1684 Manuskript
1189 1650 1237 1684 sig
1262 1652 1300 1678 M.
1326 1651 1382 1679 VH.
1410 1652 1447 1677 ‘25
1473 1653 1534 1680 Fol.
1560 1653 1654 1687 [ansb
1680 1654 1717 1679 im
1742 1654 2006 1685 Laudesaichivc.)

1098 1796 1205 1831 ⁴256.

231 1874 341 1918 Papst
379 1872 569 1906 Imzoncenz-
606 1873 660 1906 ΓΙ.
701 1873 863 1918 beslcile'gsl
901 1874 954 1906 die
991 1874 1215 1920 l'ereim'yemgy
1251 1878 1311 1910 der
1339 1877 1486 1920 Psarren
1523 1879 1554 1910 iu
1589 1877 1736 1911 'l'aserz'lz-
1771 1879 1835 1912 med
1863 1879 2074 1922 Prosmerz'tz-

607 1935 664 1966 mit
694 1934 765 1966 dem
795 1934 850 1967 Ii'l.
882 1934 1008 1968 Braclf.
1039 1936 1098 1969 Dl.
1129 1936 1299 1970 Are'nione
1329 1937 1387 1970 22.
1416 1938 1549 1970 dauver
1580 1937 1689 1972 1354.

386 1983 610 2036 Innocentius
639 2006 814 2048 episcopus
844 2014 963 2038 seruus
994 2015 1166 2038 seruorum
1197 2006 1249 2039 dei
1277 2006 1317 2039 ad
1346 2012 1538 2052 perpetuam
1568 2009 1616 2040 rei
1645 2010 1848 2041 memoriam.
1897 2007 1980 2051 uns,
2010 2019 2073 2053 qne

233 2062 271 2096 ad
302 2065 600 2097 sustentantionem
630 2062 909 2097 Monasleriorum
947 2069 979 2098 et
1021 2065 1156 2098 aliorum
1193 2066 1340 2100 locorum
1377 2067 1579 2111 regularium
1608 2067 1815 2101 laudabiliter
1842 2067 1930 2101 sacta
1959 2071 2076 2114 perci-

234 2125 352 2168 pimus,
382 2123 521 2157 libenter
551 2123 709 2157 adicimus
738 2124 912 2168 apostolici
941 2128 1127 2160 muniminis
1157 2126 1408 2160 firmamentum.
1450 2127 1540 2160 Sane
1568 2129 1680 2172 petitio
1709 2127 1904 2161 dilectorum
1934 2128 2074 2162 filiorum

233 2182 373 2217 Abbatis
402 2188 433 2217 et
462 2183 654 2217 Conuentus
691 2182 885 2217 Monasterii
918 2184 1092 2228 Lucensis.
1130 2186 1448 2220 Premonstralensis
1486 2187 1623 2229 ordinis,
1654 2186 1888 2221 Olomucensis
1918 2188 2073 2226 diocesis.

237 2242 335 2277 nobis
374 2243 520 2277 exhibita
557 2243 760 2285 continebat,
791 2244 876 2288 quod
909 2244 995 2278 bone
1030 2250 1188 2280 memorie
1226 2246 1346 2289 Hineo,
1374 2246 1563 2293 Episcopus
1601 2246 1843 2290 Olomncensis,
1887 2249 2073 2283 attendens.

234 2303 320 2349 qnod
348 2303 512 2350 prefatum
541 2304 779 2338 Monasterium
810 2315 868 2350 per
900 2308 1053 2340 incursus
1091 2306 1231 2340 hostium
1267 2312 1299 2340 et
1326 2318 1483 2351 guerram
1513 2307 1575 2341 sibi
1604 2310 1760 2341 continuo
1789 2311 2013 2343 imminentem
2043 2313 2075 2344 in

234 2363 330 2397 bonis
359 2368 390 2397 et
419 2363 518 2397 rebus
547 2367 614 2397 suis
643 2364 727 2398 adeo
763 2365 942 2410 collapsum
978 2370 1059 2410 erat,
1097 2367 1182 2412 quod
1220 2370 1282 2400 nisi
1312 2366 1372 2400 sihi
1401 2367 1635 2412 prouideretur
1663 2367 1703 2400 de
1732 2368 1879 2402 remedio
1908 2375 2074 2415 oportuno

236 2422 425 2458 Canonicos
455 2424 531 2458 dicti
559 2424 753 2459 Monasterii
782 2428 815 2459 in
844 2424 1054 2471 obprobrium
1084 2428 1254 2471 religionis
1284 2431 1317 2460 et
1345 2427 1425 2460 cleri
1454 2430 1663 2471 contingeret
1682 2431 1832 2472 euagari,
1862 2439 1901 2461 ac
1929 2440 1973 2462 ex
1992 2442 2076 2476 pre-

236 2486 348 2518 missis
377 2489 408 2518 et
437 2485 508 2519 aliis
538 2485 860 2520 considerationibus
889 2485 1040 2521 inductus
1069 2486 1294 2533 parrochiales
1324 2487 1488 2520 ecclesias
1518 2487 1557 2520 de
1588 2487 1786 2521 Tossawicz
1815 2492 1847 2521 et
1865 2487 2075 2524 Prosmericz

237 2543 325 2578 dicte
354 2543 509 2589 diocesiS‚
538 2548 569 2579 in
599 2545 716 2591 quibus
753 2546 891 2592 predicti
927 2546 1043 2582 Abbas
1078 2551 1109 2581 et
1139 2546 1331 2581 Conuentus
1360 2550 1410 2581 ius
1438 2552 1634 2593 patronatus
1663 2547 1866 2592 obtinebant,
1897 2560 1969 2583 cum
1999 2562 2076 2584 om-
