2206 2735
1079 170 1152 205 19.

343 237 428 291 Die
457 256 553 290 Stadt
580 256 716 290 Kaaden
748 255 926 299 bekennet‚
966 256 1043 290 dass
1077 259 1126 290 sie
1156 256 1232 289 Karl
1263 255 1319 289 IV.
1357 256 1631 301 erstgeborenem
1663 258 1776 291 Soline
1807 258 1949 292 Wenzel
1980 259 2043 293 den

189 316 419 362 Hoinagialeid
455 316 612 360 geleistet
646 315 740 349 113116.
800 315 849 349 Dt.
888 315 949 349 ser.
982 314 1021 349 V.
1053 319 1205 362 proxima
1236 320 1313 350 ante
1342 316 1426 349 diem
1463 329 1489 349 s.
1520 315 1695 350 Michaelis
1726 318 1930 363 Archangeli
1961 319 1990 353 d.
2022 320 2041 354 i.

187 377 247 411 23.
279 376 478 423 September
508 376 618 411 1350.

493 435 567 476 (Ans
594 438 729 472 l'rivilog.
758 439 827 472 Reg.
857 438 925 465 tzoh.
952 437 1083 464 Manusk.
1109 438 1145 463 1111
1173 438 1404 463 Landcsarcliive
1431 438 1482 469 siu.
1511 439 1547 465 M.
1574 438 1634 465 Vll.
1662 439 1699 463 28
1727 448 1791 472 pag.
1819 441 1911 474 6511.)

1075 549 1150 584 50.

342 628 478 667 Petrus,
510 629 656 673 I’farrer
684 630 715 662 iu
749 628 908 661 Oslowan
936 626 1079 660 sclienlft
1107 627 1178 660 dem
1211 627 1353 660 Kloster
1382 627 1533 661 ‹fusellis-t
1562 628 1716 661 weltrere
1747 628 1895 662 Aeclfer.

889 688 948 721 Dt.
978 688 1013 721 5.
1047 686 1198 720 Olctober
1229 686 1341 720 1350.

339 758 442 810 (Yum
473 778 619 811 sciencia
654 775 820 809 literarum
852 778 892 809 sit
926 774 1109 808 remedium
1145 779 1260 808 contra
1294 773 1471 808 obliuionis
1509 775 1686 820 caliginem
1721 775 1971 821 exstirpandam
2011 781 2042 809 et

182 847 224 869 ne
252 840 350 880 gesta
380 836 558 873 hominum.
588 848 652 882 que
680 840 843 880 geruntur
861 835 921 869 sub
943 840 1104 880 tempore,
1133 839 1307 868 transeant
1335 846 1409 868 cum
1438 840 1599 881 tempore,
1629 837 1753 881 placuit
1780 835 1933 871 omnihus
1962 848 2039 870 ma-

182 897 307 931 ioribus
337 902 370 931 et
399 897 525 943 pusillis
554 902 675 930 cuncta
710 907 774 940 que
803 896 982 937 voluerint,
1025 900 1060 928 ut
1087 897 1153 929 sint
1181 901 1353 941 perpetua.
1398 899 1429 930 in
1459 899 1591 942 scriptis
1621 900 1850 931 transmittere
1878 901 2039 931 memorie

183 962 403 1003 posterorum.
434 958 508 1003 Ego
537 961 638 1002 igitur
658 957 775 991 Petrus
805 956 966 1003 plebanus
995 958 1027 989 in
1058 955 1158 990 Ossia
1186 959 1334 1002 ipsorum
1364 958 1518 1003 exempla
1548 958 1705 991 imitando
1736 963 1798 991 tam
1828 958 2039 1004 presentibus

182 1028 278 1063 quam
307 1018 436 1061 futuris,
466 1018 508 1052 ad
536 1029 619 1064 quos
647 1022 826 1064 presentes
854 1018 947 1051 litere
968 1020 1151 1062 peruerint.
1181 1020 1279 1063 cupio
1309 1017 1381 1051 sore
1410 1023 1533 1052 notum.
1566 1017 1660 1059 Quod
1683 1018 1888 1053 venerabilis
1909 1019 2039 1052 domina

181 1077 312 1112 domina
350 1089 424 1112 mea
454 1078 628 1113 Elizabeth
658 1078 828 1112 abbatissa
858 1076 1034 1121 Hedwigis
1073 1080 1235 1122 priorissa
1265 1079 1383 1123 Agnes
1422 1078 1646 1124 subpriorissa
1675 1078 1913 1124 Cliunegundis
1942 1082 2039 1113 cele-

179 1141 265 1172 raria
295 1143 448 1184 totusque
477 1139 671 1173 Conuentus
701 1138 893 1172 Monasterii
925 1137 1020 1171 vallis
1049 1141 1166 1171 sancte
1193 1137 1299 1173 Marie
1328 1142 1360 1173 in
1390 1138 1487 1173 Ossla
1517 1138 1652 1173 Ordinis
1684 1139 1920 1175 Cisterciensis
1949 1139 2038 1174 Olo-

182 1202 350 1233 mucensis
370 1199 537 1245 Dyocesis
566 1203 698 1234 sincera
728 1210 801 1233 11163
822 1201 965 1232 seruicia
995 1199 1221 1235 attendentes„
1250 1200 1411 1244 quosdam
1441 1210 1542 1244 agros
1571 1200 1729 1234 videlicet
1758 1204 1908 1246 praytam
1937 1211 2037 1234 vnam

180 1261 272 1294 iuxta
302 1259 489 1294 Ecclesiam
519 1260 634 1294 Sancti
656 1259 796 1306 Nycolai
826 1262 920 1292 sitam
951 1269 1067 1303 agrum
1097 1259 1283 1304 volgariter
1312 1260 1493 1304 Selgereth
1520 1265 1746 1307 nuncupatum
1777 1272 1897 1295 versus
1925 1261 2038 1295 villam

181 1320 373 1363 Lechwicz‚
404 1332 521 1366 agrum
549 1321 727 1365 mitterigel
757 1323 842 1354 inter
870 1319 971 1354 siluas
992 1324 1025 1353 et
1047 1322 1152 1353 eciam
1182 1323 1266 1354 istos
1296 1331 1399 1365 agros
1429 1323 1460 1354 in
1490 1320 1599 1367 bayas
1629 1324 1711 1355 sitos
1741 1326 1868 1355 maturo
1898 1321 2038 1355 consilio

179 1392 417 1428 consensuque
454 1383 614 1416 concordi
643 1383 681 1415 ad
718 1386 866 1427 tempora
904 1385 973 1414 vite
1009 1392 1084 1414 mee
1121 1381 1282 1414 colendos
1320 1381 1482 1415 tenendos
1511 1386 1543 1414 et
1578 1381 1798 1427 possidendos
1828 1392 1871 1415 ex
1901 1381 2038 1427 speciali

180 1444 327 1488 ipsarum
354 1446 470 1488 gracia
499 1444 718 1478 contulerunt.
750 1443 803 1476 tali
832 1447 941 1476 tamen
970 1442 1170 1475 condicione
1198 1441 1283 1487 quod
1314 1445 1377 1475 iam
1406 1441 1483 1475 dicti
1513 1444 1584 1486 agri
1614 1447 1688 1488 post
1722 1442 1899 1476 decessum
1929 1452 2037 1475 meum

179 1503 218 1536 ad
248 1503 410 1549 prefatum
441 1503 681 1538 Monasterium
712 1508 808 1549 prout
847 1506 971 1536 inventi
1011 1502 1132 1536 fuerint
1160 1501 1264 1535 libere
1294 1502 1525 1536 deuoluentur.
1583 1502 1724 1548 lnsuper
1752 1505 1857 1536 eciam
1887 1502 2036 1536 fecerunt

181 1564 279 1598 michi
308 1568 457 1610 graciam
478 1565 673 1611 specialem.
704 1564 789 1610 quod
820 1574 922 1608 agros
951 1574 1055 1605 meos,
1086 1574 1170 1608 quos
1191 1566 1267 1606 emi,
1298 1566 1351 1609 qui
1381 1563 1515 1598 soluunt
1543 1568 1573 1597 et
1594 1568 1759 1597 censuant
1787 1574 1938 1597 annonas
1959 1562 2038 1596 Mo-

182 1628 331 1660 nasterio
352 1629 440 1660 omni
461 1637 562 1664 311110,
592 1625 688 1660 michi
718 1624 860 1659 eundem
882 1635 1019 1658 censum
1042 1624 1082 1657 116
1102 1626 1249 1670 ipsarum
1278 1623 1365 1658 bona
1385 1624 1556 1658 uoluntate
1576 1623 1814 1658 adsoluendum
1835 1629 1869 1658 at
1887 1628 2036 1669 tempora

181 1689 249 1720 vite
278 1698 352 1721 mee
380 1688 598 1721 indulserunt.
628 1686 786 1720 videlicet
815 1686 855 1719 de
883 1697 948 1719 vna
980 1689 1098 1731 prayta
1129 1695 1191 1730 qua
1222 1685 1321 1718 soluit
1342 1686 1483 1730 singulis
1504 1688 1598 1719 annis
1618 1685 1769 1729 Triginta
1798 1695 1860 1719 sex
1879 1689 2038 1717 metretas

181 1748 323 1792 siliginis
352 1759 474 1793 magne
502 1759 671 1782 mensure.
702 1758 764 1792 qua
794 1747 853 1780 fuit
879 1746 1039 1792 Symonis
1060 1745 1224 1790 quondam
1255 1745 1377 1780 Iudicis
1406 1749 1439 1780 in
1458 1745 1632 1788 Lekwicz‚
1663 1746 1704 1779 de
1734 1757 1799 1779 vna
1829 1746 1890 1779 alia
1919 1749 2037 1791 prayta

181 1819 244 1855 qua
273 1809 372 1842 soluit
400 1808 574 1842 duodecim
595 1812 751 1841 metretas
771 1812 911 1853 quatuor
933 1810 1028 1840 tritici
1050 1810 1192 1852 quatuor
1215 1807 1357 1851 siliginis
1377 1811 1411 1840 et
1429 1811 1570 1851 quatuor
1599 1817 1706 1840 auene
1726 1817 1848 1851 magne
1867 1816 2036 1840 mensure.

180 1869 222 1903 de
242 1871 346 1902 tercia
365 1873 484 1915 prayta
503 1873 645 1915 quatuor
665 1872 821 1902 metretas
851 1869 1002 1911 siliginis.
1034 1868 1114 1900 Cum
1143 1869 1244 1911 igitur
1271 1878 1336 1912 ego
1365 1866 1532 1913 predictus
1557 1866 1710 1900 dominus
1740 1866 1858 1900 Petrus
1888 1865 2037 1900 viderem

179 1929 277 1964 michi
307 1934 429 1963 tantam
459 1933 609 1974 graciam
638 1941 677 1963 ac
707 1929 971 1963 beniuolenciani
1001 1940 1019 1961 11
1049 1927 1144 1961 dictis
1174 1927 1371 1961 dominabus
1401 1930 1483 1961 meis
1512 1926 1635 1961 factam
1664 1932 1696 1961 et
1724 1927 1904 1961 exhibitam
1936 1937 2037 1971 agros

179 1990 365 2024 antedictos
394 2001 454 2036 pro
483 1992 566 2024 meis
596 1992 745 2036 pecuniis
774 1990 861 2023 bene
890 1991 1093 2034 conquesitis
1122 1992 1251 2033 emptos
1280 1989 1438 2034 predictis
1473 1987 1670 2022 dominabus
1700 1991 1784 2022 ineis
1814 1988 1901 2021 dono
1930 1987 2037 2021 tribuo

180 2055 212 2085 et
240 2050 455 2097 presentibus
484 2054 621 2095 resigno
650 2055 812 2096 perpetue
840 2053 921 2096 ipsis
950 2049 1091 2083 colendo
1112 2048 1276 2082 tenendos
1296 2048 1517 2094 possidendos
1537 2048 1747 2083 vtifruendos
1768 2053 1862 2095 prout
1890 2051 2037 2094 ipsarum

178 2111 340 2157 placuerit
369 2112 531 2146 voluntati
560 2111 825 2145 abrenunccians
861 2110 1011 2145 omnibus
1041 2109 1308 2155 impeticionibus
1337 2109 1622 2144 arrestacionibus
1651 2121 1712 2144 sen
1741 2108 2036 2143 adinuencionihus

179 2177 212 2205 et
232 2172 562 2217 inpignoracionibus
592 2183 650 2218 per
679 2184 730 2205 nic
760 2173 813 2205 vet
842 2182 1060 2205 successores
1091 2181 1196 2213 ineos,
1239 2182 1303 2216 que
1332 2174 1412 2216 ipsis
1450 2173 1587 2205 euenire
1616 2175 1753 2217 possent
1783 2170 1924 2204 totaliter
1952 2179 2035 2215 pro—

177 2232 328 2266 culinotis
357 2236 389 2265 et
418 2233 577 2266 exclusis.
614 2232 657 2265 Vt
685 2237 793 2265 autem
825 2232 886 2265 liec
914 2234 1024 2265 omnia
1053 2235 1085 2264 et
1114 2231 1245 2275 singula
1275 2235 1447 2277 prenotata
1476 2236 1546 2265 rata
1569 2236 1601 2265 et.
1631 2232 1787 2265 inviolata
1817 2233 2037 2278 permaneant

178 2297 355 2338 presentes
388 2292 502 2326 literas
541 2296 573 2326 in
609 2292 748 2326 euidens
785 2295 1006 2326 testimoninm
1044 2296 1075 2324 et
1111 2291 1211 2325 robur
1246 2303 1305 2338 per
1343 2294 1583 2338 appensionem
1622 2295 1746 2338 proprii
1781 2292 1877 2336 sigilli
1911 2293 1974 2324 mei
2003 2294 2036 2323 et

176 2353 420 2387 honorabilium
457 2357 605 2388 virorum
644 2354 797 2387 videlicet
835 2353 954 2387 domini
993 2352 1080 2386 Petri
1119 2352 1252 2398 plebani
1300 2356 1331 2386 in
1368 2352 1589 2387 Droscawicz
1625 2357 1655 2386 et
1691 2353 1813 2386 domini
1854 2352 2034 2384 Hei-manni

178 2414 309 2459 plebani
344 2417 375 2448 in
412 2413 556 2448 Mobilna
596 2426 638 2448 ex
679 2420 770 2448 certa
808 2426 880 2448 111611
915 2419 945 2448 et
982 2424 1095 2447 eorum
1133 2415 1280 2446 sciencia
1317 2413 1508 2459 supradicte
1543 2413 1676 2446 domine
1713 2412 1884 2447 abbatisse
1914 2417 1946 2445 et
1975 2421 2035 2445 suo

177 2473 361 2509 Conuentui
391 2474 466 2508 dedi
495 2479 691 2509 conuiuii-as.
723 2476 823 2509 Anno
854 2475 985 2508 Domini
1014 2473 1061 2507 M⁰
1089 2472 1161 2507 ccc⁰
1190 2472 1228 2507 L⁰
1256 2473 1341 2507 infra
1372 2473 1523 2508 Octavas
1554 2476 1661 2507 sancti
1692 2473 1901 2507 Miclialielis.

487 2541 582 2576 (Orig.
611 2543 693 2576 ng,
720 2543 736 2566 :3
764 2544 847 2576 lifing.
875 2543 934 2576 sig.
960 2543 995 2567 1111
1024 2543 1264 2575 11311ᾶ,-Α1·611ἰν6,
1290 2544 1409 2570 Kloster
1432 2543 1525 2568 Maria
1549 2543 1617 2569 Saal
1643 2543 1683 2570 lit.
1711 2543 1740 2568 P.
1766 2543 1814 2568 ΝΥ.
1843 2543 1902 2574 67.)

1829 2595 1847 2621 4
