2206 2735
1081 56 1125 89 :32

173 171 251 202 stitit
282 168 322 201 de
351 170 460 200 terris.
491 166 602 199 rebus.
635 170 699 198 vitu
730 170 760 199 et
789 165 989 210 corporibus
1019 166 1080 200 snb
1111 171 1224 202 martis
1254 169 1341 203 ‹lnlni
1375 181 1468 203 tario
1497 171 1688 205 ‹liscrnninc
1718 173 1917 218 disputandi.
1961 173 2034 207 Jain

174 240 256 262 vero
293 232 414 261 mutato
451 238 536 259 nouc
574 226 831 259 deliberacionis
870 226 1017 260 inaudito
1055 231 1202 262 cai-mino
1239 230 1324 275 apud
1355 230 1492 264 (esuris
1523 235 1627 265 nostri
1657 237 1785 275 «graium
1816 233 2032 268 clemenciam

172 301 236 323 uon
267 288 402 331 ambigit
439 290 591 320 inuenire
621 286 813 332 presidium.
844 286 932 320 nude
961 287 1123 321 deuiiritis
1152 291 1367 331 exig-entibus
1403 293 1598 338 supplicium
1630 293 1789 327 debuerat
1818 299 2030 340 ‹·xspectar‹·.

171 351 305 384 Cos-nris
337 359 418 381 vero
449 351 560 381 inuata
592 347 722 381 bonitas
752 359 820 380 rem
852 351 956 393 ipsam
987 348 1070 382 adeo
1100 351 1363 385 mansuetndinis
1394 355 1516 397 pictate
1545 356 1767 398 prosequitur.
1799 359 1832 388 nt
1852 358 1944 400 quasi
1966 365 2030 388 non

169 411 322 444 videatur
349 409 557 455 displicentis
588 408 650 442 sibi
671 409 828 442 mulieris.
860 408 917 442 scd
939 412 1192 454 consanquinee
1211 411 1331 444 dilect(¹
1353 415 1539 446 instaurare
1561 413 1723 447 l'ortnnas.
1756 414 1878 448 Nescio
1899 415 2030 459 quidem

170 483 210 504 an
240 469 369 504 landoni
400 474 504 516 ipsam
535 470 763 504 clemenciam.
796 470 847 502 vel
878 469 1037 502 detester.
1067 481 1140 503 cnm
1173 470 1357 518 Principum
1389 476 1517 506 intersit
1547 473 1642 507 bonis
1663 477 1799 520 premia.
1831 475 1923 509 malis
1946 485 2031 521 sup-

170 531 266 577 plicia
297 531 336 564 ad
366 532 664 576 exspectacionmu
695 540 856 574 crumpne
888 530 940 562 vel
971 532 1084 574 premii
1115 530 1277 565 distinctis
1306 544 1451 576 erogare
1481 534 1641 577 donariis,
1672 539 1705 568 ut
1733 536 1879 582 exempli
1910 539 2031 570 virtute

169 591 244 625 boni
275 592 313 625 ad
345 594 499 625 virtutem
531 593 720 623 excitentur
749 593 909 625 eminere.
951 590 1024 622 mali
1065 596 1252 625 ivrrenniui·
1288 594 1472 639 suppliciis.
1509 598 1539 627 ct
1570 606 1587 627 ιι
1617 598 1729 639 prauis
1768 595 1913 630 moribus
1943 602 2029 629 nictu

169 663 341 698 pressure.
372 657 405 685 et
434 651 557 685 doloris
587 653 752 693 angustiis
788 655 978 684 arceantur.
1038 651 1128 685 Inter
1166 652 1227 686 alia
1258 664 1340 686 vero
1377 654 1459 687 duas
1489 658 1519 687 iu
1551 655 1648 688 Curia
1680 658 1814 690 intuicio
1844 659 1917 691 visu
1947 667 2030 702 pro-

170 715 266 758 spexi
297 716 460 757 imagines
491 711 654 755 Reginam
684 710 724 743 de
753 709 965 746 Ilolienlohh.
995 716 1026 745 et
1056 711 1301 747 Mareliionisse
1341 715 1469 760 prefate
1505 716 1620 759 latium
1658 727 1740 761 quas
1778 716 1918 751 l'antasia
1957 728 2028 751 inea

169 773 337 808 diiudicat.
368 775 436 806 acsi
467 773 521 805 lux
552 771 712 807 tenebris.
751 771 860 805 aihum
899 775 1013 817 nigro*
1052 784 1128 806 rosa
1166 777 1290 807 urticis.
1327 779 1514 820 preciosum
1553 777 1620 810 viti.
1663 782 1830 823 pratorum
1870 778 2028 811 noi-idua>

168 837 301 868 nimium
332 835 501 879 asperitati
530 832 663 875 frigide,
694 831 758 865 duo
790 832 891 866 Belial
921 833 1066 867 absurde
1096 838 1364 879 comparacionis
1393 836 1545 870 solerciis
1574 837 1768 881 adcqnatur.
1801 836 1873 871 Non
1896 841 2028 883 ignorct

170 899 278 929 tamen
308 895 440 928 Domini
469 896 534 927 mei
564 892 710 928 l'resnlis
740 892 838 937 digna
869 893 1063 940 prudencia,
1094 896 1236 939 qualiter
1257 895 1418 929 Dominus
1448 900 1634 931 communis
1655 898 1762 931 Cesar
1782 898 1836 931 ille
1856 897 2027 932 Romanus

168 955 268 989 lilium
297 960 347 989 sui
377 956 487 989 l'ratris
515 954 721 989 Mai-chionis
751 953 915 989 Moraiiie.
945 966 1041 1000 quem
1072 958 1103 988 in
1133 959 1224 989 curia
1255 967 1394 990 manere
1423 960 1577 1000 nonistis,
1617 958 1655 991 ad
1696 961 1905 1004 presenciam
1942 958 2028 992 dicte

168 1015 388 1050 Gliriinlinldis
419 1018 587 1062 appostari
617 1016 798 1058 mandauit,
836 1026 900 1049 non
937 1016 1042 1049 aliter.
1083 1019 1170 1049 sicut
1199 1019 1331 1050 estimo.
1375 1019 1438 1050 nisi
1475 1021 1505 1050 ut
1546 1020 1577 1051 in
1614 1020 1790 1063 presencia
1826 1019 2027 1052 circumt'use

167 1077 379 1112 multitudinis
407 1079 478 1121 ipsa
508 1076 704 1110 detestanda
735 1075 909 1110 braxatrix
939 1081 1151 1121 agnosceret.
1190 1076 1276 1110 falso
1306 1077 1435 1123 quidem
1466 1090 1526 1111 sno
1556 1078 1648 1112 fratri
1678 1080 1882 1124 ascripsisse
1914 1081 2027 1126 impo-

168 1143 308 1173 tenciam
338 1138 492 1172 coeundi.
532 1150 606 1171 cuni
638 1137 815 1171 manifeste
843 1137 985 1171 clareret
1015 1140 1211 1172 ostensione
1242 1143 1304 1171 tani
1335 1138 1488 1183 preclare
1516 1138 1644 1172 sobolis
1675 1139 1803 1173 Domini
1836 1142 1898 1173 mei
1928 1139 2025 1173 Mar-

167 1200 296 1234 cliionis
326 1199 476 1233 virilitas.
508 1204 539 1232 et
569 1200 655 1232 dicte
685 1201 871 1232 meretricis
902 1201 1134 1233 inconstancia
1165 1198 1363 1244 pudibunda.

478 1278 612 1311 (Dobner
637 1278 713 1304 Mon.
739 1277 788 1304 IV.
814 1277 885 1304 337.
913 1278 973 1303 Das
998 1278 1106 1303 Datum
1139 1277 1233 1303 diescr
1261 1278 1396 1303 t'rkunde
1427 1278 1463 1303 ist
1494 1278 1730 1304 walirsclieinlieli
1765 1287 1815 1304 vor
1847 1279 1892 1304 die
1926 1280 2026 1305 zweite

583 1330 701 1355 lleirath
727 1330 776 1354 des
802 1329 993 1363 Markgrafeu
1017 1329 1134 1355 «loliano
1159 1338 1193 1354 zu
1218 1335 1326 1356 setzen.
1355 1328 1413 1356 Der
1438 1331 1523 1356 ὃοὶιιι.
1550 1331 1601 1356 der
1625 1331 1685 1357 hier
1709 1331 1835 1364 gemeint
1863 1331 1942 1366 wird,
1969 1340 2026 1357 war

581 1382 732 1407 unciiclicli
758 1386 894 1415 erzeugt;
920 1390 951 1407 er
977 1382 1072 1407 wurde
1095 1385 1193 1416 spiiter
1217 1381 1319 1407 Probst
1346 1391 1390 1407 ani
1417 1381 1597 1416 Vyi-*ebradl

1061 1529 1134 1563 (Μ.

1043 1605 1153 1640 1350.

168 1667 385 1701 Historisclie
417 1668 531 1701 Dalen
560 1668 626 1701 und
654 1667 801 1701 Notae'zen
831 1679 894 1700 aus
924 1668 997 1701 dem
1027 1666 1291 1712 Losnnqsbuclie
1321 1668 1381 1700 der
1411 1667 1515 1701 Stati!
1539 1667 1668 1701 Brimn.
1700 1668 1827 1701 welche
1856 1669 1917 1701 das
1937 1667 2026 1701 Jaler

946 1727 1045 1762 1350
1074 1728 1250 1772 betreffen*

322 1815 396 1848 Fol.
426 1816 485 1848 60.
511 1797 629 1849 Auno
650 1813 773 1850 domini
795 1814 970 1849 Millesimo
991 1816 1246 1849 Trecentesimo
1268 1818 1554 1861 quinquagesimo,
1582 1826 1655 1849 cum
1678 1815 1831 1849 domiuus
1852 1814 2024 1849 Jolianncs

168 1875 270 1909 frater
298 1875 404 1920 Regis
433 1876 474 1909 de
503 1875 736 1910 Marehionatu
766 1888 802 1910 se
831 1877 1081 1919 introiiiissiset‚
1111 1878 1226 1922 petiuit
1246 1887 1263 1909 a
1285 1875 1419 1909 Ciuibus
1447 1876 1533 1909 illam
1561 1887 1722 1909 suminam
1744 1875 1804 1909 sibi
1825 1875 1907 1918 dari,
1929 1886 2025 1920 qnam

166 1935 424 1982 precedentibus
454 1940 548 1970 annis
577 1937 661 1982 Regi
691 1937 863 1982 Hungarie
893 1942 925 1970 et
955 1937 1112 1971 Heinrico
1142 1937 1182 1970 de
1211 1935 1487 1970 Leuchtenbnrcb
1516 1937 1764 1970 soluerunt...

323 1998 396 2031 Fol.
427 1997 527 2041 645⁶.
559 1997 699 2031 Domino
728 1997 911 2032 marchioni
942 1998 1034 2041 (date
1064 1998 1157 2040 sunt)
1192 2008 1250 2043 pro
1286 1998 1428 2041 losunga
1459 1996 1568 2030 CCC?
1599 2001 1632 2030 et
1659 1997 1683 2030 L
1713 2008 1834 2030 marce.
1869 2017 1909 2020 ——
1943 1996 2023 2030 Item

165 2059 256 2092 circa
289 2062 493 2093 natiuitateni
528 2058 648 2092 Christi
684 2070 746 2092 rex
780 2062 913 2093 vocauit
948 2059 1100 2093 Judicem
1136 2063 1167 2091 et
1202 2061 1343 2103 quatuor
1383 2057 1518 2092 Juratos
1563 2068 1715 2104 pragam,
1750 2056 1836 2103 quod
1872 2056 2023 2091 facerent

165 2122 331 2164 omagium
361 2120 492 2154 domino
521 2119 718 2157 marchioni,
748 2124 800 2166 qui
831 2120 964 2154 fuerunt
992 2121 1151 2154 absentes
1180 2130 1240 2164 per
1275 2123 1342 2152 tres
1375 2122 1578 2164 septimanas
1607 2123 1639 2152 et
1676 2117 1909 2163 expenderunt
1944 2118 2022 2152 XIII

165 2191 307 2213 marcas.
342 2200 384 2204 ’-
416 2180 497 2213 Item
526 2191 600 2213 cum
631 2180 781 2214 dominus
811 2181 958 2214 marchio
988 2184 1093 2226 primo
1124 2182 1226 2213 venit.
1258 2179 1437 2213 honoratus
1468 2180 1527 2213 snit
1564 2190 1636 2213 cum
1665 2177 1729 2211 XX
1757 2178 1875 2212 modiis
1897 2178 2021 2212 Tritici.

166 2243 218 2285 qui
247 2241 441 2275 constabant
471 2241 535 2275 XX
565 2252 668 2274 marc.
699 2246 729 2274 et
760 2254 833 2275 cnm
873 2241 971 2275 XXX
1010 2241 1125 2274 modiis
1162 2251 1279 2274 auene.
1318 2244 1370 2285 qui
1407 2239 1604 2274 constabant
1639 2239 1702 2273 XV
1738 2251 1840 2273 niarc.
1879 2244 1911 2273 et
1949 2250 2022 2272 cuni

166 2305 239 2334 octo
267 2305 358 2335 vasis
387 2305 456 2335 vini
485 2306 586 2336 terre.
617 2313 680 2348 que
709 2301 907 2335 constabant
937 2301 1000 2335 XX
1037 2312 1167 2335 marcas
1205 2305 1235 2334 et
1274 2312 1347 2334 cuni
1384 2311 1467 2334 vase
1503 2303 1660 2334 austriaci
1695 2303 1777 2342 vini,
1813 2299 1899 2345 quod
1936 2310 2023 2333 con-

165 2360 271 2394 stabat
297 2361 358 2395 Vll
389 2374 529 2396 marcas.
563 2384 610 2387 -«
639 2362 720 2396 Item
751 2363 883 2397 domine
911 2362 1158 2396 Marchionisse
1187 2365 1360 2407 propinata
1389 2361 1523 2394 fuerunt
1551 2360 1614 2393 duo
1644 2372 1726 2394 vasa
1756 2363 1823 2394 vini
1853 2371 1913 2405 pro
1941 2359 2021 2394 XVI

166 2424 297 2457 marcis,
330 2443 371 2446 —
410 2423 492 2456 Item
534 2426 642 2457 statim
686 2434 759 2456 cuin
794 2423 946 2457 dominus
984 2422 1130 2457 marchio
1168 2425 1269 2456 venit.
1314 2425 1399 2455 misit
1436 2422 1550 2455 literas
1584 2421 1622 2455 ad
1658 2422 1759 2455 Uiues
1795 2424 1826 2454 in
1861 2420 2021 2454 Olomucz

166 2481 310 2515 Rediscli
340 2482 523 2528 Znoymam
554 2484 712 2528 Iglauiam
743 2488 774 2517 et
805 2484 843 2517 ad
874 2484 954 2518 alias
986 2483 1159 2517 Ciuitates.
1190 2482 1308 2527 quibus
1330 2484 1458 2515 nunciis
1482 2482 1582 2514 Ciues
1604 2481 1767 2515 dederunt
1790 2483 1820 2514 1.
1844 2492 1949 2515 marc.
1970 2503 2021 2506 Η

163 2541 244 2574 Item
275 2542 483 2577 Caiicellario
513 2544 599 2577 dom.
630 2543 832 2578 Mareliionis
868 2555 928 2590 pro
967 2544 1058 2577 litera
1098 2544 1369 2577 confirmacionis
1405 2542 1533 2576 Jurinm
1574 2542 1733 2576 Ciuitatis.
1767 2562 1809 2566 —
1843 2542 1923 2576 Item
1960 2553 2019 2589 pro
