2206 2735
1125 46 1172 100 ⁶7

1104 185 1204 220 ¹02.

225 267 378 300 Clemens
414 265 468 300 1⁷1.
498 265 637 299 ertlceilt
666 264 739 297 dem
767 264 904 309 Prayer
933 262 1161 306 Erzbiscltose
1188 262 1320 296 Ernest
1348 263 1413 305 das!
1442 263 1564 303 Recm,
1598 263 1785 298 lu‘rcleticlae
1815 265 1989 300 Personam
2017 267 2075 300 des

229 327 342 362 Wett-
374 327 439 360 mut
465 325 739 368 Klosterltlerus,
768 324 896 358 welche
925 323 1180 368 Kirehenqmer
1208 322 1360 356 besiezen
1389 325 1472 357 oder
1500 325 1533 357 in
1565 324 1676 358 Orden
1706 327 1959 370 ausqenommen
1986 328 2073 360 sind.

665 397 706 419 zet
735 386 958 430 dispens-iren.
990 383 1049 417 Dt.
1079 384 1235 428 :lciynon
1269 384 1325 417 17.
1356 384 1490 429 Anyust
1521 384 1630 418 1351.

375 461 555 515 sternens
584 480 769 527 Episcopus
801 480 930 514 Servus
960 479 1145 513 Servorum
1173 478 1236 513 Dei
1266 478 1458 513 Venerabili
1487 479 1596 514 Fratri
1627 481 1774 516 Arnesto
1804 482 2073 531 Archiepiscopo

222 542 366 586 Pragen.
397 541 544 575 Salutem
574 547 607 575 et
635 541 866 587 Apostolicam
895 539 1169 574 Benedictionen.

376 601 557 636 Personam
587 607 674 636 tuam
702 600 796 636 nobis
825 606 858 634 et
886 601 1070 648 apostolice
1099 600 1168 634 sedi
1203 600 1359 635 devotam
1388 606 1525 647 paterna
1557 601 1782 637 benivolentia
1817 612 2072 651 prosequentes.

218 662 271 695 illa
302 661 358 695 tibi
385 661 526 696 libenter
554 661 780 703 concedimus,
808 672 871 708 per
899 672 962 707 que
991 660 1194 696 subditorum
1224 666 1351 695 tuorum
1387 663 1569 695 animarum
1600 663 1696 697 saluti
1731 663 1845 698 valeas
1882 666 2072 712 providere.

218 722 376 757 Exhibita
406 724 567 769 siquidem
595 722 692 756 nobis
722 727 774 755 tua
804 725 918 768 petitio
947 721 1147 765 continebat,
1177 721 1263 768 quod
1293 722 1450 756 nonnulle
1478 734 1624 768 persone
1653 724 1885 760 ecclesiastice
1919 731 1983 760 tam
2013 739 2073 762 se-

219 783 363 826 culares,
393 793 489 828 quam
520 782 691 827 regulares
720 787 879 828 exempte
907 788 938 816 et
967 793 1032 816 non
1063 786 1218 828 exempte
1247 787 1375 816 tuarum
1405 782 1552 817 Ciuitatis
1581 789 1613 817 et
1633 783 1784 819 Diocesis
1814 787 1921 832 alique
1950 788 2072 822 videli-

219 847 272 877 cet
300 847 330 877 in
361 846 476 877 minori
516 846 694 877 constitute
729 848 829 880 etateq
869 843 976 888 alique
1009 854 1068 889 per
1105 842 1266 876 secularis
1303 845 1478 888 potestatis
1517 845 1735 879 intrusionem
1768 857 1827 880 seu
1863 851 2071 893 symoniace7

219 908 273 937 aut
301 904 383 937 alias
412 906 518 937 minus
547 906 708 937 canonice
738 903 856 949 adepte
885 903 1113 937 ecclesiastica
1150 902 1313 937 beneficia
1350 913 1407 937 sen
1444 903 1483 936 ad
1513 903 1712 949 Religionen
1749 910 1914 953 recipere,
1952 909 2072 955 aliique

219 974 301 997 vero
330 974 374 997 ex
403 966 451 997 eis
480 965 640 996 maiorum
671 966 1051 997 excommunicationum
1080 969 1111 997 et
1145 963 1308 997 interdicti
1345 966 1518 997 sententiis
1565 969 1742 1010 propterea
1794 968 1951 1002 innodate
2000 968 2072 1004 fore

219 1028 412 1066 noscuntur,
442 1033 580 1069 quorum
624 1034 787 1057 excessus
825 1029 961 1070 propter
1002 1035 1116 1058 eorum
1145 1023 1382 1058 multitudinem
1411 1029 1442 1057 et
1471 1025 1658 1059 secularem
1686 1032 1883 1073 potestatem
1912 1041 1976 1063 nec
2005 1042 2071 1065 non

220 1084 423 1126 scandalum„
453 1084 538 1129 quod
568 1084 692 1117 exinde
720 1087 902 1130 provenire
931 1089 962 1119 et
992 1085 1210 1131 prelationum
1240 1084 1405 1119 defectum
1435 1097 1474 1119 ac
1503 1089 1603 1120 etiam
1631 1090 1705 1133 quia
1741 1100 1800 1134 pro
1836 1090 1951 1124 maiori
1981 1096 2073 1137 parte

218 1150 293 1179 sunt
321 1145 504 1179 huiusmodi
543 1156 709 1179 excessus
745 1146 868 1180 occulti
903 1157 966 1180 nec
1001 1151 1141 1192 apparet
1178 1146 1293 1192 aliquis
1327 1151 1503 1180 accusator
1536 1150 1665 1193 punire.
1703 1153 1757 1183 aut
1791 1161 1850 1185 eos
1886 1150 2070 1186 huiusmodi

219 1205 400 1248 beneficiis,
429 1216 492 1250 que
522 1207 630 1239 taliter
658 1210 731 1239 sunt
760 1206 893 1252 adepte,
922 1209 1057 1253 privare
1085 1217 1151 1241 non
1180 1212 1286 1253 potes,
1316 1218 1381 1240 nec
1411 1219 1469 1242 eos
1490 1207 1607 1242 talibus
1626 1208 1768 1244 nexibus
1787 1210 1962 1246 obvolutos
1986 1224 2073 1247 con—

218 1269 356 1300 scientia
386 1265 541 1308 tolerare,
572 1269 716 1312 ipsorum
746 1269 874 1300 ruinam
904 1269 1057 1313 aspicere
1085 1267 1307 1313 periculosum
1338 1271 1460 1312 existit,
1491 1280 1565 1303 cum
1601 1269 1713 1304 forsan
1753 1276 1786 1305 ut
1821 1276 1944 1307 asseris
1983 1275 2072 1308 multi

220 1338 261 1360 ex
291 1330 338 1360 eis
367 1331 505 1373 propter
533 1329 662 1361 viarum
692 1326 881 1361 discrimina
909 1333 943 1362 et
971 1339 1197 1374 expensarum
1226 1328 1391 1363 desectum
1420 1333 1619 1375 gravitatem
1648 1342 1811 1366 excessus
1840 1344 1879 1367 ac
1904 1334 2071 1380 despera—

219 1390 339 1421 tionem
370 1389 469 1421 venie
497 1398 664 1433 nunquam
693 1387 933 1422 absolutionum
962 1400 1020 1422 seu
1041 1388 1295 1435 dispensationis
1315 1393 1379 1425 sint
1398 1390 1560 1425 beneficia
1579 1394 1731 1438 petiture.
1763 1393 1873 1434 Quare
1898 1405 1958 1440 pro
1978 1401 2072 1441 parte

219 1452 272 1480 tua
302 1447 362 1481 suit
390 1447 484 1481 nobis
514 1447 678 1482 humiliter
708 1448 937 1494 supplicatum.
967 1454 999 1482 ut
1028 1448 1082 1483 tibi
1112 1450 1196 1495 quod
1227 1451 1382 1496 periculis
1411 1462 1474 1497 que
1503 1462 1547 1485 ex
1576 1455 1749 1497 premissis
1786 1456 1966 1489 imminent.
2006 1455 2071 1490 ob—

221 1511 323 1541 viare.
354 1519 392 1541 ac
423 1507 642 1553 predictorum
673 1511 854 1542 animarum
886 1510 980 1543 saluti
1009 1510 1190 1556 providere
1218 1511 1340 1554 valeat‚
1371 1512 1412 1545 de
1440 1511 1645 1557 benignitate
1674 1514 1855 1559 apostolica
1882 1516 2071 1550 concedere

219 1570 441 1613 dignaremur.
473 1567 541 1602 Nos
571 1572 681 1615 itaque
710 1572 773 1603 tuis
802 1572 835 1603 in
865 1570 925 1603 hac
954 1576 1047 1616 parte
1076 1572 1369 1618 supplicationibus
1396 1573 1556 1616 inclinati,
1591 1573 1786 1608 fraternitati
1820 1580 1893 1612 tuei
1930 1577 1971 1610 de
2007 1588 2070 1622 qua

217 1631 249 1662 in
279 1629 340 1662 hiis
368 1633 401 1662 et
429 1629 499 1662 aliis
536 1630 715 1674 specialem
753 1633 784 1663 in
821 1630 963 1664 Domino
1002 1631 1153 1666 liduciam
1189 1632 1377 1667 obtinemus
1413 1633 1579 1679 predictas
1613 1645 1774 1680 personas
1808 1635 1850 1670 ab
1887 1636 2071 1673 huiusmodi

218 1692 595 1723 excommunicationum
625 1693 798 1724 sententiis
827 1690 887 1724 hac
917 1694 992 1725 vice
1021 1692 1193 1726 dumtaxat
1219 1695 1313 1727 iuxta
1341 1693 1485 1728 ecclesie
1513 1693 1665 1738 formam7
1694 1698 1720 1728 si
1748 1695 1779 1729 id
1809 1696 1972 1732 humiliter
2006 1710 2072 1745 pe-

220 1752 339 1791 tierint,
370 1749 564 1783 absolvendi
593 1755 625 1783 et
653 1762 727 1784 cum
757 1754 804 1784 eis
834 1763 936 1797 super
965 1753 1260 1797 irregularitatibus
1288 1753 1365 1787 inde
1393 1757 1573 1789 contractis
1602 1760 1635 1788 et
1662 1758 1760 1790 etiam
1790 1758 1876 1804 quod
1909 1758 2071 1794 beneficia

220 1820 282 1854 que
312 1809 419 1843 taliter
447 1814 521 1843 sunt
549 1809 668 1856 adepte
698 1813 747 1844 eis
778 1816 887 1845 tamen
918 1813 1066 1857 primitus
1095 1818 1126 1847 et
1155 1814 1288 1848 realiter
1316 1818 1450 1848 omnino
1479 1815 1620 1850 dimissis
1648 1819 1674 1850 si
1703 1820 1750 1851 eis
1786 1819 1868 1853 alias
1906 1823 2068 1855 canonice

219 1869 435 1903 conferantur
462 1872 614 1915 recipere
643 1875 675 1904 et
704 1874 858 1913 retinere7
888 1883 927 1906 ac
956 1876 1054 1907 etiam
1084 1877 1115 1907 in
1144 1874 1383 1919 Religionibus.
1414 1879 1444 1909 in
1475 1877 1590 1922 quibus
1619 1879 1667 1910 sic
1691 1884 1829 1925 recepte
1849 1885 1935 1924 sunt,
1956 1892 2071 1916 rema-

219 1941 300 1963 nere
328 1929 434 1964 libere
462 1941 502 1964 ac
529 1930 618 1964 licite
647 1934 773 1977 possint
801 1932 1027 1978 dispensandi.
1057 1946 1181 1981 easque
1210 1935 1249 1969 ad
1279 1935 1341 1970 hec
1370 1936 1570 1980 habilitandi‚
1607 1949 1645 1971 ac
1674 1939 1737 1973 illis
1775 1951 1818 1973 ex
1856 1941 1952 1974 dictis
1987 1953 2069 1988 per—

220 1993 323 2033 sonis,
353 2001 416 2037 que
445 1990 530 2024 dicta
560 1991 721 2025 beneficia
751 1992 933 2027 dimiserint
963 1999 996 2028 ut
1025 1994 1191 2040 prefertur
1220 1996 1260 2030 de
1288 2000 1369 2043 ipsis
1398 1998 1567 2032 beneficiis
1596 2001 1621 2032 si
1651 2001 1682 2032 in
1719 2003 1766 2033 eis
1795 2012 1861 2035 non
1898 2005 1937 2035 sit
1972 2002 2068 2037 alicui

220 2052 410 2096 specialiter
438 2054 487 2085 ius
516 2054 678 2097 quesitum
708 2052 861 2100 dicteque
890 2065 1036 2100 persone
1065 2056 1145 2090 alias
1176 2060 1240 2091 sint
1268 2058 1400 2103 ydonee
1429 2058 1470 2091 de
1496 2070 1587 2093 novo
1608 2060 1803 2105 providendi
1825 2073 1898 2095 cum
1919 2063 2069 2097 omnibus

220 2111 345 2145 iuribus
374 2116 407 2145 et
434 2115 639 2157 pertinentiis
667 2113 860 2157 eorundem,
896 2115 1072 2150 inducendi
1108 2128 1240 2164 quoque
1276 2130 1438 2164 personas
1475 2119 1609 2153 easdem
1639 2121 1690 2154 vel
1720 2126 1955 2167 procuratores
1993 2135 2069 2158 suos

222 2183 335 2206 earum
365 2175 498 2206 nomine
527 2184 588 2219 per
616 2177 647 2206 te
677 2173 730 2207 vel
760 2174 857 2208 alium
886 2186 945 2209 seu
975 2177 1059 2211 alios
1079 2180 1110 2211 in
1132 2179 1342 2224 corporalem
1364 2182 1614 2225 possessionem
1635 2180 1872 2216 beneficiorum
1893 2194 1931 2217 ac
1951 2186 2067 2217 iurium

219 2237 251 2266 et
279 2235 549 2278 pertinentiarum
578 2233 803 2279 predictorum
832 2239 864 2269 et
892 2235 1092 2272 defendendi
1121 2239 1272 2274 inductas
1305 2243 1423 2274 amotis
1460 2240 1658 2287 quibuslibet
1691 2242 1809 2278 illicitis
1846 2243 2069 2278 detentoribus

221 2293 260 2327 ab
290 2293 416 2328 eisdem
446 2304 486 2327 ac
514 2293 657 2328 faciendi
687 2297 737 2329 eis
766 2294 808 2328 de
836 2295 998 2331 dictorum
1028 2298 1265 2334 beneficiorum
1285 2299 1457 2343 fructibus„
1478 2301 1673 2345 redditibus,
1693 2302 1924 2348 proventibus,
1944 2304 2068 2339 iuribus

221 2358 253 2387 et
282 2353 539 2389 obventionibus
568 2358 736 2389 universis
765 2358 897 2400 integre
924 2359 1131 2404 responderi.
1163 2359 1434 2396 Contradictores
1471 2366 1664 2397 auctoritate
1701 2368 1812 2398 nostra
1847 2365 2069 2411 appellatione

222 2418 402 2461 postposita
431 2416 688 2461 compescendo
718 2415 792 2450 Non
822 2416 1029 2453 obstantibus
1057 2419 1316 2467 quibuscumque
1344 2422 1630 2457 constitutionibus
1659 2424 1851 2469 apostolicis
1881 2429 2067 2467 contrariis,

222 2485 281 2508 seu
309 2477 336 2509 si
364 2476 462 2522 aliqui
492 2487 592 2522 super
619 2477 867 2523 provisionibus
896 2478 956 2513 sibi
983 2479 1146 2515 faciendis
1175 2481 1217 2515 de
1245 2479 1431 2517 huiusmodi
1459 2484 1514 2517 vel
1543 2483 1614 2518 aliis
1633 2483 1804 2519 beneficiis
1826 2486 2068 2522 ecclesiasticis

222 2537 254 2568 in
282 2535 346 2569 illis
374 2535 522 2581 partibus
552 2539 716 2582 speciales
744 2540 798 2572 vel
827 2540 1004 2584 generales
1033 2542 1121 2576 sedis
1149 2543 1331 2589 apostolice
1359 2544 1414 2578 vel
1442 2544 1626 2588 legatorum
1655 2548 1726 2579 eius
1763 2545 1877 2580 literas
1905 2549 2066 2593 impetra-

1866 2608 1903 2628 ωε
