2206 2735
1057 55 1129 89 ’ΞΗ

169 171 340 213 ipsumque
371 170 468 213 peciit
498 170 729 200 contumacem
759 171 903 213 reputari
941 172 973 201 ct
1009 170 1039 201 in
1076 171 1146 202 eius
1176 173 1420 205 contumaciam
1450 174 1702 207 Attestaciones
1733 175 1862 206 testium
1903 172 2022 207 huius—

168 228 255 262 modi
287 227 439 261 hincinde
469 226 630 273 publicari
659 232 689 261 ct
721 239 779 273 pro
809 227 982 273 publicatis
1011 228 1134 270 haberi,
1165 229 1271 264 dictus
1301 230 1452 266 dominus
1474 232 1664 278 Stephanus
1694 232 1836 266 Auditor
1865 237 2023 278 reputans

168 289 310 322 cundem
341 286 537 332 Magistrum
567 287 748 322 llenricum
779 293 1029 334 procuratorem
1060 300 1123 334 qno
1153 289 1193 323 ad
1223 295 1331 324 actum
1353 291 1392 324 ad
1423 297 1529 326 actum
1547 292 1631 335 (sic)
1653 292 1837 326 huiusmodi
1859 295 2021 337 exigente

173 351 297 382 iusticia
327 353 558 382 contumacem
589 351 620 382 in
650 352 721 382 eius
749 351 990 383 contumaciam
1030 350 1278 384 Attestaciones
1315 353 1448 385 testium
1478 354 1622 385 omnium
1654 353 1878 398 predictorum
1908 352 2019 398 publi—

170 412 256 442 cauit
286 413 315 441 et
353 420 412 454 pro
442 409 618 455 publicatis
649 409 762 443 haberi
793 409 896 443 voluit
936 414 967 443 et
1005 410 1043 443 ad
1081 413 1182 456 ipsius
1217 410 1379 446 Johannis
1422 413 1613 458 principalis
1656 416 1854 448 instanciam
1898 413 2018 446 dietum

171 468 367 513 Magistrum
398 469 568 503 henricum
600 474 846 515 procuratorem
877 469 916 503 ad
946 470 1119 504 dicendum
1149 477 1181 504 et
1208 471 1419 516 allegandum
1463 473 1614 518 quicquid
1650 473 1763 507 dicere
1801 478 1834 507 et
1870 473 2021 518 allegare

173 530 315 563 voluerit
346 530 550 564 verbotenus
580 534 610 562 ot
642 533 671 563 in
702 533 833 576 scriptis
872 535 988 564 contra
1018 532 1270 566 Anestaciones
1308 535 1410 578 partis
1452 535 1555 578 ipsius
1585 532 1747 568 Johannis
1790 545 1848 580 per
1891 538 2018 568 certum

169 591 289 624 domini
320 602 405 636 pape
435 591 613 624 Cursorem
643 594 735 624 citari
766 591 931 625 mandauit
968 596 999 625 et
1034 592 1111 625 serit
1147 592 1185 625 ad
1224 597 1348 626 certum
1386 595 1642 638 peremptorium
1673 596 1846 627 terminum
1877 605 2021 640 compe-

169 655 290 685 tcntcm
321 655 353 684 et
382 655 486 685 eciam
525 651 654 697 prefato
689 652 833 686 Johanni
866 653 1037 698 principali
1074 656 1221 698 presenti
1264 653 1303 686 ad
1348 653 1523 687 dicendum
1566 653 1719 698 quicquid
1762 654 1875 689 dicere
1917 655 2019 689 vellet

171 717 286 745 contra
319 713 572 746 Attestaciones
601 715 703 758 partis
733 712 808 746 dicti
838 712 963 746 henrici
994 718 1120 747 certum
1150 717 1407 759 peremptorium
1438 714 1578 748 similem
1619 717 1792 748 terminum
1823 718 2019 759 assignauit.

170 773 204 806 ln
236 783 300 817 quo
329 773 458 817 quidem
490 776 629 807 termino
659 773 936 819 Comparcntibus
966 777 997 807 in
1026 774 1156 808 Judicio
1186 785 1298 808 coram
1328 774 1456 820 prefato
1486 774 1619 808 domino
1656 774 1827 820 Stephano
1858 776 2020 810 Auditore

170 833 325 867 Johanne
355 834 526 880 principali
558 835 784 880 principaliter
812 846 872 880 pro
902 846 940 869 se
969 838 1040 880 ipso
1070 838 1150 868 citra
1180 839 1289 869 tamen
1319 840 1570 881 procuratorum
1601 846 1734 869 suorum
1764 839 2020 870 reuocaeionem

168 905 211 926 ex
243 898 338 939 parte
368 906 432 928 vna
471 900 501 928 et
540 895 703 940 Magistro
743 895 877 929 henrico
909 895 1029 941 Biscop
1067 900 1284 941 procuratore
1314 896 1472 941 predictis
1502 908 1545 929 ex
1575 896 1678 930 altera
1708 896 1844 941 quilibet
1872 899 2018 942 ipsorum

166 966 227 1000 pro
257 960 348 1000 parte
377 966 435 988 sna
465 960 580 989 contra
612 957 861 990 Attestaciones
891 967 951 990 seu
980 956 1215 1001 deposicioncs
1244 960 1375 990 testium
1405 957 1540 991 alterius
1570 959 1672 1002 partis
1702 956 1859 1002 quasdam
1889 968 2020 1002 excep-

166 1019 282 1048 ciones
314 1019 343 1049 in
379 1019 512 1061 scriptis
541 1016 703 1050 exhibere
733 1020 862 1051 curauit
892 1021 924 1050 et
953 1017 1160 1063 postmodum
1190 1017 1231 1051 ad
1261 1020 1489 1063 excepcioues
1519 1017 1597 1051 dicti
1626 1017 1774 1062 Magistri
1805 1017 1931 1051 henrici
1961 1028 2020 1063 per

167 1076 288 1109 dictum
318 1076 505 1110 Johannem
546 1078 762 1123 principalem
798 1077 990 1122 quibusdam
1026 1078 1320 1123 Replicacionibus
1362 1078 1458 1113 factis
1502 1078 1592 1112 ldem
1635 1078 1788 1112 dominus
1826 1077 2020 1124 Stephanus

167 1135 308 1170 Auditor
337 1138 375 1171 ad
406 1138 554 1171 eiusdem
584 1138 746 1172 Johannis
784 1139 976 1184 principalis
1014 1142 1096 1172 citra
1136 1143 1385 1184 procuratorum
1421 1150 1555 1173 suornm
1596 1139 1868 1173 Reuocacionem
1906 1149 2020 1172 coram

167 1209 207 1229 co
237 1200 267 1230 in
297 1197 427 1231 ,indicio
457 1201 684 1244 comparentis
713 1199 918 1245 sepedictum
948 1198 1145 1243 Magistrum
1176 1199 1347 1233 henricum
1368 1204 1620 1245 procuratorem
1643 1199 1681 1232 ad
1703 1198 2015 1243 recognoscendum

169 1257 218 1290 ιιι-Ι
249 1258 439 1303 negandum
479 1262 624 1293 notarios
661 1263 693 1293 et
729 1260 838 1304 sigilla
874 1260 1081 1305 subscriptos
1124 1264 1156 1293 et
1198 1271 1347 1305 appensa
1390 1260 1494 1293 literis
1523 1264 1554 1293 et
1584 1259 1806 1294 Instrumento
1837 1270 1895 1305 pro
1925 1263 2021 1305 parte

168 1317 243 1351 dicti
271 1318 435 1353 Johanuis
466 1323 496 1353 in
527 1319 711 1353 huiusmodi
742 1331 844 1353 causa
875 1320 1045 1366 productis
1076 1332 1135 1366 per
1164 1325 1291 1354 certum
1322 1321 1443 1355 domini
1473 1332 1557 1366 pape
1586 1320 1766 1355 Cursorem
1797 1323 1889 1354 citari
1921 1330 2019 1353 inan—

172 1378 259 1412 dauit
298 1383 326 1412 et
366 1379 443 1413 l'ecit
483 1379 522 1413 ad
562 1384 687 1413 certum
727 1384 983 1426 peremptorium
1020 1384 1195 1414 terminum
1232 1385 1475 1427 competentem
1514 1381 1548 1414 ln
1587 1392 1651 1427 quo
1681 1380 1957 1427 Comparentibus
1987 1383 2017 1413 in

168 1437 303 1473 Judicio
341 1451 454 1473 coram
493 1440 655 1487 prelibato
691 1440 822 1474 domino
862 1440 1036 1487 Stephano
1066 1442 1231 1476 Auditore
1259 1442 1413 1476 Johanne
1452 1443 1623 1488 principali
1654 1445 1736 1476 citra
1766 1445 2017 1488 procuratorum

170 1511 302 1533 suorum
334 1504 591 1535 reuocacionem
623 1513 664 1535 ex
696 1513 761 1535 vna
792 1507 887 1547 parte
917 1508 946 1536 et
977 1502 1142 1548 Magistro
1172 1503 1308 1537 henrico
1339 1508 1556 1549 procuratore
1593 1503 1749 1548 predictis
1779 1514 1821 1536 ex
1852 1502 1956 1535 altera
1987 1506 2016 1534 et

163 1572 224 1605 per
253 1561 431 1605 quemlihet
461 1565 606 1607 ipsorum
637 1563 828 1608 principalis
858 1567 888 1596 et
927 1567 1153 1608 procuratoris
1182 1563 1327 1597 Notariis
1365 1567 1397 1596 et
1426 1564 1542 1607 sigillis
1573 1563 1768 1609 subscriptis
1799 1567 1830 1596 et
1859 1565 2018 1608 appensis

163 1622 268 1654 literis
299 1627 326 1655 ct
358 1622 590 1656 instrumentis
620 1626 768 1669 parcium
799 1626 942 1668 ipsarum
975 1624 1128 1658 hincinde
1158 1627 1340 1668 recognitis
1369 1623 1460 1657 Idem
1490 1625 1640 1657 dominus
1663 1622 1853 1669 Stephanus
1877 1622 2018 1656 Auditor

170 1681 208 1714 ad
239 1682 314 1715 dicti
345 1682 509 1717 Johannis
539 1684 730 1730 principalis
760 1687 956 1718 instanciam
987 1685 1107 1719 dietum
1137 1685 1331 1729 Magistrum
1369 1684 1538 1718 henricum
1575 1688 1828 1730 procuratorem
1859 1683 1898 1717 ad
1928 1694 2012 1716 con-

164 1743 363 1777 cludendum
402 1748 432 1778 in
471 1756 573 1778 causa
611 1744 796 1778 huiusmodi
842 1746 894 1779 uel
936 1746 1110 1780 dicendum
1149 1757 1285 1780 causam
1323 1745 1563 1779 racionabileni
1602 1756 1704 1790 quare
1734 1748 1764 1778 in
1796 1756 1834 1777 ea
1865 1744 2018 1777 concludi

167 1816 231 1838 non
279 1804 417 1838 deberet
466 1817 523 1850 per
569 1805 743 1851 quemdam
791 1806 913 1840 domini
961 1819 1046 1853 pape
1082 1806 1262 1841 Cursorem
1309 1809 1404 1840 citari
1439 1806 1605 1839 mandauit
1645 1810 1677 1839 et
1715 1805 1793 1838 fecit
1821 1805 1860 1838 ad
1891 1809 2017 1838 certum

168 1868 428 1910 peremptorium
459 1869 630 1899 terminum
661 1871 906 1911 competentem
936 1867 972 1901 ln
1003 1879 1066 1913 quo
1097 1867 1373 1913 Comparentibus
1404 1870 1434 1900 in
1463 1866 1595 1900 Judieio
1633 1877 1746 1900 coram
1776 1865 1908 1899 domino
1937 1865 2016 1899 An-

167 1926 273 1959 ditorc
303 1925 456 1959 Johanne
486 1927 656 1972 principali
686 1930 766 1961 citra
803 1933 913 1961 tamen
953 1933 1204 1974 procuratorum
1242 1939 1375 1963 suorum
1407 1930 1661 1962 reuocacionem
1693 1938 1736 1961 ex
1765 1932 1860 1972 parte
1889 1937 1954 1960 vna
1984 1931 2016 1959 et

165 1986 307 2019 henrico
337 1991 553 2031 procuratore
583 1987 739 2033 predictis
770 2000 814 2021 ex
843 1989 946 2022 altera
975 1989 1104 2034 prefato
1133 1988 1295 2023 Johanne
1326 1989 1497 2035 principali
1528 1992 1557 2022 in
1588 1999 1689 2022 cansa
1711 1987 1896 2021 huiusmodi
1926 1998 2015 2020 con-

164 2047 251 2080 cludi
282 2051 416 2092 petente
453 2051 488 2080 et
522 2059 581 2093 pro
619 2053 709 2094 parte
757 2061 816 2082 sna
863 2050 1083 2083 concludente
1130 2050 1218 2084 dicto
1254 2061 1334 2084 uero
1371 2049 1532 2093 Magistro
1571 2049 1706 2082 henrico
1736 2053 1951 2094 procuratore
1983 2050 2013 2080 in

164 2118 265 2141 causa
302 2111 371 2153 ipsa
408 2109 610 2141 concludere
647 2114 824 2143 recusante
860 2122 922 2144 uec
960 2111 1127 2155 allegante
1165 2122 1299 2145 causam
1330 2110 1564 2144 racionabileni
1601 2120 1703 2156 quare
1733 2112 1761 2141 in
1793 2120 1831 2141 ea
1862 2108 2014 2142 concludi

162 2179 229 2201 non
259 2168 396 2202 deberet
434 2168 637 2203 Memoratus
677 2170 827 2204 domiuus
858 2171 1048 2216 Stephanus
1078 2171 1220 2205 Auditor
1248 2172 1390 2205 eundem
1419 2171 1616 2215 Magistrum
1648 2170 1817 2203 henricum
1848 2180 2015 2215 procura-

162 2233 268 2262 torem
299 2229 502 2262 concludere
533 2235 742 2264 recusantem
772 2236 932 2277 repntaus
960 2244 1024 2277 quo
1054 2232 1093 2265 ad
1123 2237 1230 2266 actum
1261 2232 1445 2266 huiusmodi
1474 2236 1570 2278 prout
1599 2235 1670 2264 erat
1698 2233 1857 2274 exigente
1886 2232 2014 2263 iusticia

162 2294 393 2323 contumacem
424 2292 455 2323 iu
484 2293 556 2323 eius
586 2295 827 2325 contumaciam
858 2304 930 2326 cum
961 2294 1110 2338 predicto
1139 2293 1295 2327 Johanne
1325 2294 1495 2339 principali
1523 2291 1743 2326 concludente
1773 2294 1803 2324 in
1826 2290 2011 2324 huiusmodi

164 2362 263 2384 causa
295 2355 325 2384 et
356 2351 511 2384 concludi
541 2356 676 2396 petente
706 2353 868 2387 conclusit
897 2359 930 2387 et
960 2354 1070 2388 habuit
1100 2354 1266 2388 mediante
1294 2356 1425 2388 iusticia
1455 2365 1514 2399 pro
1543 2353 1703 2387 concluso
1733 2356 1763 2385 et
1792 2351 1831 2385 ad
1862 2350 2012 2385 eiusdem

164 2410 328 2445 Johannis
357 2412 548 2457 principalis
586 2415 784 2447 instanciam
820 2415 959 2448 eundem
998 2415 1190 2460 Magistrum
1233 2415 1403 2448 henricum
1448 2418 1696 2460 procuratorem
1735 2412 1774 2446 ad
1812 2411 2011 2445 audiendum

163 2471 369 2505 diflinitiuan]
399 2475 431 2506 in
460 2484 561 2506 causa
592 2473 775 2507 huiusmodi
804 2475 882 2509 ferri
913 2480 1118 2509 sentenciam
1156 2487 1215 2521 per
1249 2476 1413 2521 quendam
1443 2475 1563 2508 domini
1593 2485 1678 2520 pape
1708 2474 1885 2507 Cursorem
1916 2475 2010 2506 citari

158 2532 331 2566 mandauit
361 2536 393 2565 et
422 2533 498 2567 l'ecit
528 2533 567 2567 ad
598 2538 722 2568 certum
752 2539 1007 2580 peremptorium
1038 2539 1210 2571 terminum
1240 2540 1498 2582 competentem.
1556 2535 1730 2569 Productis
1769 2538 1878 2579 itaque
1914 2536 2011 2578 post—
