2206 2735
1035 108 1058 110 a
1075 57 1205 110 145m

179 176 347 215 tenentur,
385 182 459 205 cum
503 170 635 205 effectu.
690 168 815 203 Harum
852 173 1038 203 nostrarum
1076 171 1107 202 in
1146 168 1370 202 testimonium
1403 169 1581 203 literarum.
1638 169 1758 204 Datum
1787 169 1922 205 Brunne
1949 171 2034 207 feria

181 235 296 278 quarta
325 235 403 266 ante
431 230 554 266 festum
581 229 674 264 Beati
693 228 838 273 Martini,
865 228 965 264 Anno
985 228 1108 263 domini
1128 227 1303 262 Millesimo
1323 231 1557 262 trecentesimo
1577 232 1852 275 quinquagesimo
1871 233 2031 267 secundo.

490 316 527 351 (A
538 325 572 342 us
598 316 650 343 der
674 315 1029 343 confirmationsurkunde
1060 316 1111 342 der
1134 315 1248 349 K6nige
1272 315 1428 342 Ladislaun
1451 316 1508 341 und
1532 315 1630 350 Geor-g
1657 326 1708 343 aus
1740 318 1794 345 den
1817 319 1845 345 J.
1871 320 1951 346 1455
1976 321 2033 346 und

596 369 677 396 1464
712 369 749 394 im
772 368 898 395 Archive
923 368 1075 394 derselben
1099 367 1208 403 stadt.)

1060 513 1164 549 182.

184 606 223 639 Κ.
255 604 345 638 Karl
363 603 380 637 Ι
390 603 424 638 V.
460 603 665 648 verspricht‚
695 602 775 636 dass
803 611 842 635 er
869 601 932 634 den
952 600 1236 646 Schiedsspruch,
1265 601 1415 635 welcken
1443 602 1505 635 der
1535 601 1708 636 Olmv'ttzer
1727 602 1878 649 Bisa-leof
1897 604 2035 640 ιΙοΙιαηη

362 665 463 698 zwisc
476 664 542 698 ken
572 664 639 697 ihm
667 664 734 697 und
765 662 838 696 dem
867 662 1004 706 Preger
1031 661 1372 705 Kreuzkerrenstifte
1396 661 1510 706 salue,
1539 663 1714 697 einhalten
1742 664 1851 698 wolle.

805 724 865 758 Dc.
896 722 992 767 Praq
1019 721 1054 756 8.
1085 721 1278 756 November
1306 721 1417 757 1352.

338 802 517 856 Karolus
548 820 610 854 Dei
638 822 752 865 gracia
780 819 1006 853 Romanorum
1036 817 1112 852 Rex
1142 828 1277 864 semper
1303 818 1477 863 Augustus
1505 823 1537 853 et
1565 818 1701 854 Boemie
1720 819 1809 854 Rex.
1838 819 1960 855 Notum
1978 821 2035 856 fa-

182 885 287 916 cimus
321 885 490 916 vniuersis
531 885 709 928 presentes
747 880 862 914 literas
892 880 1102 925 inspecturis.
1160 878 1253 920 Quod
1282 890 1343 913 nos
1372 879 1413 913 de
1440 879 1621 924 legalitatis
1656 885 1689 915 et
1716 883 2035 928 circumspeccionis

183 942 343 976 industria
372 941 590 976 Venerabilis
619 941 759 975 Joannis
790 939 940 975 Olomuc.
972 939 1132 986 Episcopi
1160 939 1323 986 Principis
1360 944 1392 973 et
1425 939 1534 974 deuoti
1568 944 1673 975 nostri
1702 941 1812 976 dilecti
1846 942 2037 989 specialiter

184 1002 389 1037 confidentes
419 1006 450 1037 in
483 1006 589 1049 ipsum
618 1013 680 1036 nos
709 1012 753 1035 ex
783 1012 859 1045 vna,
889 1005 921 1035 et
949 1000 1060 1034 deuoti
1088 1003 1194 1034 nostri
1223 1000 1331 1034 dilecti
1351 1000 1516 1045 Magister
1535 1005 1567 1035 et
1585 1001 1706 1037 fratres
1726 1001 1898 1048 hospitalis
1919 1004 2035 1039 domus

184 1066 289 1097 sancti
318 1062 494 1098 Francisci
529 1063 654 1097 ordinis
689 1061 929 1096 cruciferorum
965 1072 1038 1095 cum
1074 1061 1168 1095 stella
1203 1063 1235 1094 in
1264 1061 1349 1107 pede
1377 1064 1487 1107 pontis
1516 1061 1698 1106 Pragensis
1727 1068 1821 1109 parte
1850 1063 1889 1098 ab
1919 1064 2036 1107 altera,

185 1135 285 1170 super
318 1124 447 1159 damnis
485 1124 592 1158 eidem
635 1123 798 1168 Magistro
833 1126 864 1156 et
900 1121 1056 1156 fratribus
1098 1124 1130 1155 in
1159 1121 1397 1156 hereditatibus
1432 1125 1504 1156 siue
1539 1125 1629 1168 agris
1665 1126 1823 1169 ipsorum,
1861 1124 1918 1159 vbi
1947 1136 2036 1159 nunc

184 1183 312 1218 Nouam
349 1187 518 1218 ciuitatem
549 1181 693 1226 Pragen.
723 1183 918 1225 locauimus‚
954 1194 1013 1229 per
1048 1193 1108 1216 nos
1145 1183 1242 1216 illatis
1280 1187 1311 1217 et
1341 1194 1442 1229 super
1470 1194 1533 1217 sex
1562 1184 1666 1218 laneis
1701 1184 1783 1218 silue
1811 1187 1843 1218 in
1872 1184 2036 1231 Morzyna

184 1247 267 1287 sitis,
297 1255 379 1290 quos
408 1244 508 1278 nobis
537 1249 569 1278 et
597 1244 718 1289 Regno
747 1248 860 1278 nostro
889 1244 1058 1290 applicare
1088 1243 1324 1289 disposuimus,
1355 1245 1683 1290 compromittendum
1713 1245 1866 1280 duximus
1896 1249 1927 1280 in
1948 1246 2036 1281 hunc

183 1305 327 1348 modum⁷
357 1305 444 1350 quod
476 1305 633 1351 quidquid
663 1305 747 1339 idem
776 1304 964 1350 Episcopus
993 1306 1025 1337 in
1054 1314 1308 1350 recompensam
1337 1304 1496 1338 dictorum
1526 1305 1742 1351 dampnorum
1772 1311 1803 1340 et
1827 1309 1932 1340 eciam
1954 1307 2037 1341 silue

182 1365 331 1412 predicte
366 1376 428 1400 nos
469 1365 618 1400 facturos
657 1376 739 1410 erga
772 1364 966 1410 Magistrum
994 1369 1028 1398 et
1056 1364 1176 1398 fratres
1204 1364 1373 1410 predictos
1401 1368 1683 1412 pronunciauerit,
1713 1370 1835 1413 exequi
1863 1367 1976 1401 facere
2005 1373 2038 1402 et

185 1427 322 1472 explere
352 1426 522 1462 beneuole
551 1431 583 1460 et
611 1426 839 1461 fauorabiliter
867 1424 1059 1459 debeamus.
1097 1424 1139 1459 Et
1166 1428 1241 1471 quia
1270 1425 1374 1459 dictus
1401 1425 1590 1472 Episcopus
1617 1430 1765 1473 pensatis
1794 1430 1855 1462 rite
1884 1428 2036 1475 dampnis

184 1486 368 1521 huiusmodi
406 1490 491 1521 inter
532 1498 594 1522 nos
628 1486 703 1521 hinc
742 1486 817 1520 inde
855 1486 962 1520 taliter
996 1488 1239 1532 pronuncciare
1273 1489 1412 1529 curauit,
1446 1487 1530 1533 quod
1569 1498 1631 1521 nos
1668 1498 1727 1533 pro
1766 1488 1916 1535 dampnis
1957 1492 2037 1535 ipsis

184 1546 400 1581 hereditatem
431 1548 579 1594 aliquam
612 1558 648 1581 se
677 1547 716 1580 ad
748 1547 896 1581 valorem
917 1550 1162 1580 trencentarum
1183 1557 1430 1592 sexagenarum
1450 1558 1644 1593 grossorum
1664 1550 1875 1583 denariorum
1892 1549 2035 1594 Pragen.

186 1607 421 1641 extendentem
453 1608 507 1642 vel
538 1610 675 1653 triginta
704 1618 950 1653 sexagenarum
987 1607 1132 1641 redditus
1162 1618 1290 1641 annuos
1319 1610 1493 1652 assignare
1525 1609 1683 1655 predictis
1712 1609 1874 1655 Magistro
1903 1614 1935 1643 et
1962 1610 2037 1643 fra—

187 1667 290 1702 tribus
325 1672 498 1703 teneamur
532 1672 701 1716 perpetuis
737 1668 938 1714 temporibus
972 1668 1196 1714 possidendos
1233 1671 1266 1701 et
1299 1668 1385 1713 quod
1420 1668 1496 1702 dicti
1531 1669 1693 1714 Magister
1727 1674 1760 1704 et
1795 1670 1916 1704 fratres
1950 1670 2037 1704 dicte

187 1727 303 1762 domus
332 1733 482 1775 tempore
512 1730 632 1773 medi02
662 1741 726 1775 quo
755 1732 837 1775 ipsis
866 1728 961 1763 dicta‘
983 1728 1150 1762 hereditas
1179 1733 1401 1763 trecentarum
1431 1740 1678 1774 sexagenaruln
1698 1731 1752 1765 vel
1772 1733 1907 1776 triginta
1931 1742 2037 1765 sexa—

186 1800 273 1834 gene
309 1800 499 1824 annuorum
538 1790 720 1824 reddituum
758 1801 818 1835 per
852 1800 913 1823 nos
947 1792 1118 1834 assignate
1152 1800 1217 1823 non
1250 1788 1382 1832 fuerint,
1418 1789 1457 1823 ab
1485 1793 1654 1825 vniuersis
1684 1795 1717 1824 et
1745 1792 1886 1836 singulis
1915 1795 2036 1826 steuris

187 1849 497 1883 contribucionihus
528 1849 802 1896 imposicionibus
832 1854 863 1883 et
883 1850 1044 1893 collectis7
1074 1851 1323 1896 quibuscunque
1343 1855 1545 1884 censeantur
1567 1850 1768 1895 nominibus,
1797 1863 1875 1886 esse
1895 1851 2038 1886 debeant

186 1909 278 1943 liberi
316 1913 446 1955 penitus
484 1915 516 1944 et
554 1914 712 1956 exempti.
756 1910 797 1944 Et
831 1910 1041 1945 nihilominus
1079 1910 1164 1955 quod
1192 1910 1354 1956 Magister
1382 1916 1414 1945 et
1442 1911 1562 1945 fratres
1592 1911 1730 1957 predicti
1759 1914 1791 1946 in
1821 1915 2038 1959 possessione

187 1970 273 2004 dicte
310 1971 393 2004 silue
431 1970 571 2017 pacifice
609 1971 751 2005 debeant
785 1970 911 2016 absque
947 1971 1181 2017 impedimento
1209 1971 1354 2016 quolibet
1381 1982 1556 2005 remanere
1585 1972 1719 2015 tamdiu,
1757 1983 1929 2018 quousque
1956 1972 2036 2007 Ma-

187 2034 292 2075 gistro
321 2031 538 2079 etpl'ratribus
568 2032 747 2077 sepedictis
777 2032 858 2066 alios
886 2043 949 2066 sex
977 2032 1093 2066 laneos
1122 2032 1205 2066 silue
1233 2035 1264 2065 in
1294 2033 1386 2066 siluis
1414 2031 1596 2076 Regalihus
1635 2037 1750 2078 vtpote
1778 2035 1810 2067 in
1838 2033 2034 2068 Kainnicen.

188 2092 241 2126 vel
271 2095 302 2126 in
332 2093 403 2126 aliis
428 2093 511 2126 locis
541 2095 590 2126 eis
621 2092 882 2137 congruentibus
913 2095 1199 2137 assignauerimus
1227 2097 1386 2139 perpetue
1415 2092 1647 2138 possidendos.
1703 2093 1772 2127 Nos
1808 2096 1917 2140 itaque
1952 2105 2035 2140 pro-

187 2155 460 2186 nuncciacionem
484 2157 515 2186 et
536 2154 786 2186 ordinacionem
808 2153 885 2187 dicti
905 2153 1063 2200 Episcopi
1083 2156 1200 2188 iustam
1221 2157 1252 2186 et
1275 2153 1507 2187 racionabilem
1528 2158 1720 2199 reputantes
1741 2157 1913 2200 ipsamque
1932 2159 2034 2188 ratam

187 2218 315 2258 gratam
345 2218 377 2247 et
406 2213 539 2247 firmam
570 2213 753 2247 obseruare
780 2213 935 2248 volentes
965 2217 1183 2260 promittimus
1212 2213 1299 2248 bona
1326 2214 1389 2248 fide
1418 2215 1503 2260 quod
1523 2213 1682 2260 Magistro
1703 2220 1736 2249 et
1754 2214 1910 2249 fratribus
1930 2226 2035 2261 sepe-

188 2273 263 2308 fatis
300 2285 359 2319 pro
401 2276 547 2320 ipsorum
587 2277 677 2319 agris
713 2278 746 2308 et
777 2273 1013 2308 hereditatibus
1051 2275 1248 2321 supradictis
1283 2277 1331 2309 eis
1359 2286 1419 2321 per
1445 2286 1507 2310 nos
1535 2280 1572 2310 vt
1599 2275 1765 2322 prefertur
1793 2275 1909 2310 ablatis
1938 2276 2034 2310 aliam

188 2334 404 2369 hereditatem
439 2339 612 2369 trecentas
649 2345 767 2379 sexag.
798 2334 963 2368 valentem
1001 2339 1054 2369 aut
1092 2338 1225 2380 triginta
1262 2346 1508 2380 sexagenarum
1543 2347 1669 2370 annuos
1698 2335 1844 2370 redditus
1872 2339 2035 2381 assigna-

187 2394 294 2429 bimus
331 2397 501 2441 perpetuis
541 2394 748 2441 temporibus
782 2394 1014 2440 possidendos.
1071 2395 1269 2430 Pollicemur
1300 2399 1438 2442 insuper
1471 2396 1557 2442 quod
1587 2408 1605 2430 a
1632 2395 1794 2441 Magistro
1823 2401 1855 2430 et
1880 2396 2036 2431 fratribus

188 2455 304 2489 domus
340 2456 492 2501 predicte
521 2456 642 2490 nullam
672 2458 803 2502 penitus
833 2458 1050 2490 exaccionem
1086 2456 1257 2490 collectam
1292 2456 1574 2491 contribucionem
1604 2468 1663 2491 seu
1692 2457 1873 2492 subsidium
1903 2457 2034 2504 aliquod

188 2526 386 2560 quocunque
430 2520 613 2550 censeatur
655 2518 788 2550 nomine
826 2516 992 2550 vllatenus
1025 2518 1200 2561 exigemus
1235 2520 1434 2563 recipiemus
1475 2521 1507 2551 et
1543 2517 1583 2551 ab
1619 2521 1667 2552 eis
1710 2520 1801 2562 exigi
1842 2518 1897 2552 vel
1931 2520 2034 2564 recipi

1875 2588 1911 2613 19
