2206 2735
1109 58 1156 92 75

206 176 292 210 modi
321 175 376 208 vel
405 175 475 208 aliis
505 173 678 207 beneficiis
706 172 948 205 ecclesiasticis
977 170 1016 203 ad
1046 181 1161 204 eorum
1191 169 1402 203 collationem
1433 170 1662 214 provisionem
1691 167 1745 201 vel
1780 168 2063 213 presentationem

207 247 267 271 seu
295 244 538 282 quamcumque
565 233 661 267 aliam
690 232 939 277 dispositionem
966 232 1167 274 conjunctim
1196 230 1252 264 vel
1280 231 1458 275 separatim
1487 227 1713 275 spectantibus
1741 227 1820 261 nulli
1851 226 1960 260 valeat
1979 236 2064 271 pro-

206 297 313 331 videri
343 307 402 342 per
430 295 556 328 litteras
584 293 786 339 apostolicas
814 303 879 326 non
909 291 1072 325 facientes
1100 291 1232 337 plenam
1261 295 1295 323 et
1322 300 1526 336 expressam
1555 299 1595 322 ac
1630 288 1671 322 de
1708 288 1813 323 verbo
1846 287 1888 321 ad
1922 285 2062 320 verbum

207 358 248 391 de
275 357 401 391 indulto
430 353 614 389 huiusmodi
643 355 855 395 mentionem,
886 356 918 386 et
947 350 1091 398 qualibet
1120 351 1181 384 alia
1212 350 1341 396 prefate
1369 349 1460 385 sedis
1489 349 1697 393 indulgentia
1723 348 1876 393 generali
1904 346 1960 381 vel
1979 357 2064 393 spe-

208 418 282 452 ciali
312 420 551 461 cuiuscumque
579 416 706 447 tenoris
736 416 868 453 existat,
906 423 965 458 per
1001 423 1099 457 quam
1136 410 1346 458 presentibus
1384 421 1451 445 non
1489 420 1687 456 expressam
1724 409 1780 443 vel
1817 408 1961 442 totaliter
1996 418 2064 442 non

208 482 364 513 insertam
403 475 541 510 effectus
577 474 763 508 huiusmodi
799 477 911 507 nostre
939 475 1047 517 gratie
1076 472 1226 518 impediri
1262 472 1373 506 valeat
1410 470 1656 517 quomodolibet
1691 469 1748 504 vel
1784 469 1919 512 differri,
1956 473 1989 503 et
2022 468 2064 502 de

208 549 270 585 qua
300 540 459 582 cuiusque
488 540 557 570 toto
585 540 702 569 tenore
731 533 882 568 habenda
919 536 959 567 sit
996 535 1028 566 in
1064 536 1185 567 nostris
1221 534 1338 567 litteris
1378 535 1505 567 mentio
1540 532 1707 578 specialis.
1763 530 1849 565 Nulli
1884 540 1966 575 ergo
1999 531 2063 564 dcc.

207 603 322 633 nostre
352 599 592 631 reservationis
621 596 822 630 inhibitionis
851 596 1098 628 constitutionis
1128 598 1161 628 et
1190 594 1368 628 voluntatis
1398 592 1587 638 infringere
1620 594 1681 627 dcc.
1738 591 1859 625 Datum
1895 591 2066 625 Avinione

206 658 303 692 XIIII
333 657 500 692 Kalendas
530 655 737 703 Septembris
766 656 866 689 Anno
896 654 1002 689 Nono.

520 750 594 777 <Ans
618 749 673 774 den
705 747 784 781 Orig.
810 747 882 781 Reg.
909 746 1041 772 Clemens
1066 746 1112 773 Vl.
1137 751 1206 772 tom.
1233 746 1260 778 ἱ),
1284 754 1351 779 pars
1379 747 1404 776 1,
1430 745 1514 780 epist.
1542 744 1612 775 327,
1637 753 1703 778 pag.
1731 743 1806 773 117;
1836 742 1981 770 vidimirte
2000 742 2064 768 Ab-

621 800 721 826 schrift
744 800 780 824 iin
806 797 1062 825 Landesarchiveji

1084 957 1187 993 109.

209 1052 316 1097 Papst
348 1052 501 1086 Clemens
540 1051 591 1085 ΙἸ.
622 1050 806 1094 bestciliye!
836 1050 889 1083 (lie
919 1060 980 1083 τοη
1010 1048 1145 1082 ιΙοΙιαηιι
1168 1048 1320 1092 Bisclzof
1342 1060 1404 1082 ron
1429 1048 1561 1082 Olmiltz
1590 1047 1643 1081 als
1663 1046 2065 1081 Testamentseaeecutors

207 1114 266 1147 des
308 1113 444 1157 Prc19e1·
487 1112 641 1157 Brit-yers
680 1111 846 1144 Nic-olaus
892 1110 1116 1143 Bole'zanetus
1161 1111 1220 1143 mit
1256 1109 1510 1154 Genelzmrfflmy
1544 1109 1604 1142 des
1640 1107 1776 1153 Prayer
1817 1105 2065 1150 Erzbischofes

209 1174 317 1208 Ernst
361 1173 541 1218 yemachte
588 1172 740 1217 Sliftwey
787 1174 879 1205 eines
925 1170 1508 1205 Benedictiner-Nonnenhloslers
1553 1172 1587 1204 in
1634 1169 1741 1214 Praq.
1798 1168 1856 1202 Dt.
1906 1168 2065 1212 Aviynon

956 1231 1012 1265 19.
1043 1231 1180 1276 Auqust
1210 1231 1321 1265 1351.

366 1312 545 1365 Clemens
574 1329 762 1376 Episcopus
791 1330 922 1363 Servus
951 1328 1135 1362 Servorum
1165 1327 1226 1361 Dei
1256 1327 1308 1361 Ad
1338 1331 1533 1374 perpetuam
1561 1328 1610 1360 rei
1638 1327 1844 1359 memoriam.

365 1390 436 1425 Hiis
466 1402 529 1437 que
559 1390 598 1424 ad
627 1390 730 1424 divini
760 1389 866 1423 cultus
895 1393 1122 1434 augmentum,
1155 1398 1319 1434 sacreque
1347 1388 1522 1432 religionis
1552 1387 1827 1433 propagationem
1852 1386 1907 1430 pie
1930 1394 1970 1417 ac
1989 1382 2067 1416 lau-

209 1452 361 1486 dabiliter
389 1451 477 1485 facta
508 1455 595 1485 sunt.
625 1451 798 1497 apostolici
827 1449 967 1484 libenter
995 1449 1156 1483 adicimus
1186 1450 1375 1483 muniminis
1403 1448 1604 1482 firmitatem.
1636 1445 1727 1480 Sane
1755 1455 1815 1492 pro
1839 1448 1935 1491 parte
1953 1454 2067 1478 vene-

207 1512 321 1547 rabilis
358 1512 470 1546 fratrIs
504 1515 608 1546 nostri
643 1511 806 1545 Johannis
843 1510 1004 1556 Episcopi
1032 1510 1229 1544 Olomucen.
1267 1511 1381 1555 petitio
1419 1507 1517 1543 nobis
1554 1507 1702 1542 exhibita
1739 1504 1944 1548 continebat,
1980 1503 2067 1550 quod

209 1573 375 1620 quondam
411 1572 571 1607 Nicolaus
599 1572 784 1606 Bolizaneti
813 1570 904 1605 Civis
934 1570 1076 1616 Pragen.
1107 1570 1257 1605 condens
1292 1570 1333 1604 de
1368 1569 1464 1604 honis
1501 1572 1570 1604 suis
1607 1571 1640 1602 in
1667 1579 1726 1603 sua
1755 1567 1866 1601 ultima
1894 1565 2068 1600 voluntate

208 1638 457 1668 testamentum.
493 1637 578 1667 inter
612 1637 724 1667 cetera
761 1632 865 1667 voluit
901 1637 933 1665 et
968 1632 1147 1674 ordinavit,
1183 1630 1268 1677 quod
1304 1630 1345 1664 ad
1383 1630 1487 1664 divini
1525 1631 1667 1663 nominis
1695 1627 1827 1662 laudem
1855 1637 1917 1673 pro
1945 1636 2006 1661 sue
2034 1630 2068 1660 et

210 1699 384 1740 parentum
415 1705 548 1728 suorum
577 1698 760 1727 animarum
791 1693 895 1727 salute
924 1692 966 1726 de
994 1691 1190 1737 quibusdam
1220 1696 1299 1725 tunc
1329 1693 1522 1737 expressis,
1553 1694 1586 1723 et
1613 1690 1686 1724 aliis
1715 1688 1810 1723 bonis
1839 1691 1907 1722 suis
1935 1686 2066 1733 quidam

208 1756 390 1799 religiosus
419 1756 513 1788 locus
542 1757 717 1800 primarius
746 1753 893 1787 eiusdem
921 1752 1091 1799 Episcopi.
1122 1763 1218 1798 quem
1248 1752 1390 1799 predicti
1418 1755 1468 1786 sui
1498 1755 1717 1785 executorem
1755 1751 1926 1783 constituit
1957 1751 2066 1782 testa-

210 1818 312 1849 menti
342 1814 536 1848 fundaretur
573 1819 605 1848 et
639 1818 738 1848 etiam
771 1814 951 1855 dotaretur,
990 1818 1023 1847 et
1051 1813 1137 1858 quod
1165 1818 1241 1859 post
1271 1812 1334 1846 hec
1363 1812 1449 1846 dicto
1479 1811 1617 1845 Nicolao
1645 1813 1736 1844 viam
1765 1811 1926 1843 universe
1953 1810 2065 1842 carnis

209 1879 384 1921 ingressus
403 1875 486 1921 [sic]
510 1875 596 1909 idem
612 1874 798 1921 Episcopus
813 1879 980 1920 tamquam
995 1874 1167 1909 Executor
1183 1875 1370 1908 testamenti
1385 1872 1527 1919 predicti
1542 1876 1608 1905 tam
1625 1871 1666 1905 de
1692 1873 1866 1917 premissis
1893 1872 1926 1903 in
1946 1868 2066 1903 eodem

209 1941 411 1970 testamento
441 1938 627 1982 expressis„
656 1948 752 1983 quam
781 1937 853 1970 aliis
882 1935 976 1969 bonis
1006 1938 1109 1980 ipsius
1138 1937 1305 1968 testatoris
1335 1938 1369 1968 et
1395 1944 1456 1979 per
1484 1931 1625 1966 eundem
1654 1931 1859 1978 Episcopum
1888 1929 1929 1963 de
1957 1939 2066 1975 pecu-

209 1999 272 2031 niis
301 2000 470 2031 testatoris
500 1997 650 2031 eiusdem
678 1999 847 2043 acquisitis
877 1996 1039 2042 quoddam
1067 1994 1306 2029 Monasterium
1337 1993 1645 2028 Sanctimonialium
1674 1991 1801 2026 ordinis
1822 1993 1929 2026 sancti
1948 1989 2066 2023 Bene-

210 2057 287 2091 dicti
316 2057 355 2091 ad
374 2057 448 2091 =Dei
478 2057 607 2091 laudem
637 2061 670 2091 et
696 2057 755 2091 snb
784 2056 948 2091 vocabulo
975 2056 1205 2090 misericordie
1224 2055 1358 2089 Domini
1386 2057 1417 2088 in
1439 2056 1574 2088 civitate
1594 2052 1740 2097 Pragen.
1770 2051 1922 2086 fundavit
1941 2051 2066 2096 pariter

210 2123 242 2152 et
271 2118 398 2152 dotavit
427 2118 642 2152 Abbatissam
672 2122 705 2152 et
731 2117 893 2152 Moniales
921 2117 1108 2152 reddituras
1136 2115 1259 2150 ibidem
1287 2119 1449 2162 perpetuo
1470 2114 1645 2149 Altissimo
1674 2112 1866 2147 famulatum
1890 2113 2064 2145 instituens

208 2181 242 2212 in
271 2178 400 2212 eodem.
430 2178 471 2212 Et
500 2178 744 2224 subsequenter
770 2177 856 2212 idem
884 2177 1075 2224 Episcopus
1103 2188 1163 2223 pro
1192 2179 1302 2211 anime
1331 2187 1390 2210 sue
1418 2175 1570 2209 remedio
1599 2179 1632 2208 et
1660 2177 1840 2219 augmento
1868 2172 2063 2207 Monasterii

209 2238 364 2285 prelibati
399 2243 433 2272 ut
466 2242 538 2285 ipse
576 2239 653 2272 dicti
681 2238 876 2272 Mon-asterii
903 2240 1056 2284 proprius
1085 2237 1240 2272 fundator
1267 2240 1367 2271 etiam
1397 2239 1559 2270 existeret
1587 2234 1744 2269 nonnulla
1787 2233 1828 2267 de
1862 2232 1960 2267 bonis
1995 2234 2064 2266 suis

210 2299 249 2333 ad
287 2310 363 2333 eum
400 2302 530 2333 ratione
566 2310 711 2346 persone
745 2310 805 2333 sue
842 2298 1070 2344 spectantibus
1109 2298 1246 2333 donavit
1281 2297 1465 2331 Abbatisse
1502 2300 1533 2330 et
1561 2294 1761 2330 Monialibus
1791 2305 1830 2328 ac
1859 2293 2064 2327 Monasterio

210 2360 380 2406 prelibatis
409 2360 448 2393 ad
478 2360 541 2394 hec
569 2362 678 2394 onmia
708 2371 768 2406 per
795 2359 936 2393 eundem
952 2359 1154 2405 Episcopum
1182 2357 1273 2392 facta
1292 2356 1496 2391 venerabilis
1516 2356 1629 2390 fratris
1650 2358 1753 2389 nostri
1773 2354 1915 2389 Arnesti
1934 2352 2064 2387 Archi-

209 2423 360 2466 episcopi
388 2420 532 2466 Pragen.
563 2420 800 2455 accedentibus
828 2420 959 2453 licentia
990 2423 1023 2453 et
1051 2430 1223 2453 consensu
1252 2422 1350 2465 prout
1377 2420 1409 2451 in
1438 2416 1629 2464 patentibus
1646 2415 1905 2461 Archiepiscopi
1924 2413 2065 2460 predicti

209 2492 290 2525 quas
328 2480 541 2527 presentibus
574 2483 678 2515 inseri
712 2480 851 2514 fecimus
887 2480 1002 2514 litteris
1031 2491 1132 2526 super
1160 2478 1346 2513 huiusmodi
1375 2477 1584 2520 fundatione,
1614 2476 1794 2517 dotatione„
1825 2478 1858 2509 et
1886 2474 2065 2508 donatione

210 2541 376 2575 confectis
405 2541 535 2587 plenius
565 2544 762 2576 continetur.
793 2540 904 2582 Quare
933 2540 1082 2586 prefatus
1109 2540 1300 2586 Episcopus
1330 2537 1427 2573 nohis
1455 2537 1622 2572 humiliter
1650 2537 1850 2583 supplicavit
1877 2540 1912 2569 ut
1939 2534 2065 2569 sunda-

1903 2596 1960 2622 10*
