2206 2735
1051 44 1101 79 88

152 160 248 193 vallis
278 164 393 192 sancte
423 158 526 191 ,tlarie
556 160 586 191 in
617 157 696 191 osta
726 157 858 191 Ordinis
896 156 1130 190 Pisterciensis
1160 156 1394 189 Oloniueeusis
1423 155 1580 201 dyocesis
1611 153 1793 188 honorabili
1825 157 1896 188 viro
1925 153 2002 188 Ma-

153 224 256 263 gisna
289 219 433 252 llenrieo
463 218 602 252 olna-ian
633 218 731 252 Curie
763 218 943 262 l‘ragensis=
973 229 1010 250 ae
1040 220 1174 250 nomine
1203 220 1306 262 ipsius
1335 215 1468 265 domino
1499 216 1596 249 l‘etro
1635 215 1774 262 plebano
1813 215 2001 249 Oslnuiensi

155 284 362 326 promisimus
392 290 430 312 ue
461 278 546 312 bona
577 278 639 312 tide
671 277 882 325 presentibus
912 277 1126 323 spondemus.
1157 277 1251 318 Quod
1281 276 1321 310 ‹le
1352 276 1503 310 omnibus
1541 282 1571 310 et
1612 278 1751 319 singulis
1792 279 1941 322 peeuuiis
1971 281 2003 309 et

154 342 324 385 expensis.
354 350 436 383 quas
467 342 530 387 ipsi
560 344 675 372 nostro
706 344 735 372 et
774 338 849 372 dieti
889 340 991 371 nostri
1029 337 1220 371 Monasterii
1257 340 1389 371 nomine
1425 340 1454 370 in
1494 338 1612 375 (ausin
1651 349 1713 383 qne
1752 340 1837 370 inter
1875 347 1934 370 nos
1971 341 2002 370 et

154 401 304 432 dominos
336 399 516 433 ltludoneni
547 404 577 432 et
607 411 685 432 >uos
717 399 837 432 fratres
867 398 907 431 ile
936 398 1060 442 greliez
1089 410 1127 432 ae
1157 403 1381 445 presentatum
1411 398 1591 431 eornmlmn
1621 399 1659 431 ad
1689 397 1878 432 Ecclesiam
1916 408 2000 443 pei·-

154 460 332 492 roebialem
364 463 449 501 (sie)
480 464 508 493 iu
542 459 719 493 ltraezlabs
756 471 855 504 super
894 462 963 492 inre
999 464 1190 504 patronatus
1228 458 1376 491 eiusdem
1415 458 1559 491 eeelesie
1595 462 1732 492 xertitnr
1769 459 1927 502 legittime
1962 470 1999 491 ae

153 520 396 554 racionabiliter
425 524 651 553 contraxerint
681 524 709 552 et
742 531 883 565 superos
913 519 1046 553 easdem
1085 531 1126 552 ex
1165 520 1259 553 iudea
1299 520 1351 553 vel
1389 520 1470 553 alias
1509 530 1609 564 snper
1643 520 1782 565 dampna
1818 518 2002 552 extendere

152 583 349 618 cointimvrn
379 592 450 614 eum
481 583 601 613 acretis
631 585 660 612 et
692 580 841 625 dampnis
872 582 953 613 satis
984 579 1094 613 lacere
1123 584 1221 624 atque
1250 583 1340 625 ipsos
1369 580 1563 625 indempnes
1591 582 1723 613 omniuo
1751 578 1930 623 exbrigare
1959 578 1999 612 al)

153 641 289 674 eisdem.
323 641 356 674 ln
387 641 481 674 huius
511 643 557 674 rei
588 643 809 674 testimonium
840 645 1016 686 presentes
1046 639 1203 686 predictis
1233 640 1373 673 dominis
1403 640 1557 673 videlicet
1587 638 1746 683 Magistro
1784 639 1928 672 llenrico
1959 650 1999 672 ac

153 704 283 734 nomine
312 704 414 747 ipsius
444 701 575 734 domino
605 701 701 734 Petro
731 700 871 747 plebano
900 700 1048 746 preilieto
1078 711 1217 746 presens
1247 702 1402 745 scriptum
1433 700 1541 744 sigillo
1571 699 1738 732 abbatisse
1759 703 1788 732 et
1809 699 2000 733 Conuentus

150 765 179 794 in
210 762 289 794 osta
320 762 472 795 (luximus
503 761 736 799 roborandum,
767 761 978 807 presentibus
1008 760 1145 794 testibus
1175 765 1207 793 et
1235 760 1386 794 discretis
1417 763 1496 794 viris
1527 760 1683 794 videlieet
1719 758 1878 803 Magistro
1908 760 1998 793 (Σκει-

149 822 236 855 liano
266 822 305 855 de
334 822 434 860 ‹anin
465 822 634 855 Canouieo
672 821 834 855 Misneusi
864 833 903 855 ac
933 822 1061 855 niealao
1091 824 1218 855 notario
1247 824 1395 854 aetorum
1426 823 1456 854 in
1488 821 1620 854 lli-vana
1651 824 1681 853 et
1714 819 1881 863 wigando
1910 819 1998 866 pub-

149 884 210 916 lico
241 886 366 915 notario
396 881 665 927 Maguntineusis
695 882 852 928 dyocesis
881 894 919 916 ac
948 885 1051 916 nostri
1082 884 1263 927 prouisoris
1293 881 1413 914 domini
1447 881 1665 914 Bai-tholomei
1695 892 1734 914 ac
1763 880 1898 913 aliorum
1919 881 1998 926 pln-

148 946 301 976 rimorum
333 942 394 975 suto
424 942 532 986 dignis
562 942 601 975 ad
632 946 793 988 premissa
823 945 948 987 rogatis
977 943 1168 988 specialiter
1196 953 1234 975 ac
1263 944 1404 975 vocatis.
1436 940 1552 974 Datum
1584 944 1615 974 in
1636 940 1714 974 Osla
1746 943 1776 973 in
1797 940 1893 974 domo
1922 940 1995 975 abi-

146 1006 285 1035 taeionis
316 1006 439 1035 nostre.
471 1003 570 1036 Anno
599 1002 721 1036 domini
750 1002 806 1037 Μ’.
838 1002 1012 1047 C.C.C›.Lj⁰
1040 1003 1092 1037 die
1121 1003 1284 1037 dominica
1313 1002 1396 1036 infra
1427 1002 1573 1036 Oetauas
1603 1001 1688 1035 beati
1710 1000 1893 1035 wenceslai
1915 1012 1996 1047 pre-

146 1062 292 1096 sentibus
323 1062 459 1096 testibus
489 1074 587 1108 snpra
618 1065 761 1109 seriptis.

454 1148 547 1183 iUrig.
576 1151 657 1183 l'erg.
685 1152 701 1176 2
727 1151 813 1184 hiing.
838 1151 897 1185 Sig,
923 1151 959 1176 im
984 1151 1115 1177 Rriinner
1139 1151 1361 1185 Stadtarchivc.)

1025 1311 1128 1346 122.

146 1400 252 1443 Papa!
284 1400 438 1433 Clemens
475 1400 527 1434 t'l.
559 1401 703 1434 εει-[ΒΗΑ
732 1402 798 1445 auf
819 1401 976 1435 Fit'rbt'lle
1004 1402 1133 1435 Isaz'ser
1161 1402 1252 1435 Kar!
1284 1401 1304 1435 I
1313 1401 1346 1436 Γ.
1380 1402 1451 1435 dem
1487 1401 1667 1435 ΓνίσάνίιτΙι
1702 1401 1898 1435 Stromaier
1930 1412 1993 1434 [tus

197 1460 378 1505 ⁴Narnbery
406 1463 481 1494 εἰπε
509 1461 674 1506 erlediglle
705 1462 877 1496 Olmu‘lzer
906 1462 1254 1507 Domherrupsre'msle.
1303 1462 1361 1496 Dc.
1392 1463 1550 1506 Ari-cliton
1581 1462 1614 1496 2.
1647 1461 1797 1495 Olclober
1829 1461 1936 1495 1351.

298 1536 473 1589 Clemens
511 1556 698 1602 Episcopus
744 1556 872 1591 Servus
918 1558 1099 1591 Servorum
1139 1557 1199 1591 Dei
1239 1558 1367 1592 Dilecto
1404 1557 1486 1591 Filio
1524 1557 1704 1591 Frederico
1741 1557 1913 1591 Stromairi
1951 1557 1990 1590 de

144 1613 358 1649 Nurenbercli
389 1615 557 1650 Canonico
587 1616 781 1651 Olomueen.
801 1618 948 1652 Salutem
978 1622 1011 1651 et
1038 1618 1264 1664 Apostolicam
1297 1618 1578 1652 Benedictionem.

299 1675 487 1710 Laudabilia
517 1681 570 1710 tue
605 1677 775 1723 probitatis
811 1683 842 1711 et
878 1681 1033 1711 virtutum
1072 1682 1200 1722 merita7
1239 1678 1357 1724 quibus
1394 1679 1559 1723 fidedigno
1594 1681 1782 1712 testimonio
1820 1682 1850 1711 te
1883 1680 1988 1712 iuvari

145 1739 354 1781 percepimus
386 1748 445 1770 nos
477 1737 633 1771 inducunt
662 1742 695 1771 nt
723 1742 755 1771 te
784 1739 940 1785 specialis
971 1738 1087 1772 favore
1115 1742 1221 1784 gratie
1249 1750 1498 1786 prosequamur.
1532 1740 1657 1773 Dudum
1687 1739 1846 1783 siqnidem
1878 1741 1989 1772 inten-

144 1795 259 1829 dentes
288 1796 328 1829 de
358 1796 561 1831 Canonicatn
591 1802 623 1831 et
651 1797 818 1843 prebenda
848 1798 1003 1833 Ecclesie
1033 1797 1228 1834 Oloinucen.
1258 1812 1341 1846 qnos
1370 1801 1532 1847 quondam
1563 1800 1719 1834 Nicolaus
1749 1799 1928 1834 Lntzkonis
1948 1799 1989 1833 de

145 1856 276 1889 Brunna
308 1855 495 1891 Canonicus
525 1861 627 1904 ipsius
657 1859 800 1893 ecclesie
829 1863 906 1893 tunc
935 1863 1093 1905 temporis
1122 1860 1290 1895 obtinebat
1318 1873 1390 1895 cum
1420 1861 1492 1896 illos
1533 1872 1655 1895 vacare
1691 1863 1902 1905 contingeret
1930 1871 1989 1905 per

144 1917 324 1961 apostolice
354 1918 444 1951 sedis
474 1919 715 1964 providentiam
746 1919 902 1963 ordinari„
933 1920 1170 1955 Canonicatuni
1200 1926 1233 1955 et
1260 1921 1463 1968 prebendam
1494 1921 1659 1968 predictos
1680 1921 1754 1955 dmn
1775 1920 1882 1954 adbuc
1902 1919 1987 1954 idem

144 1976 300 2011 Nic-olaus
328 1983 444 2022 ageret
473 1982 503 2012 in
533 1979 684 2014 humanis
713 1980 869 2014 videlicet
898 1980 928 2014 X
958 1980 1125 2015 Kalendas
1154 1981 1263 2016 Martii
1294 1981 1506 2016 Pontificatus
1534 1985 1638 2016 nostri
1659 1982 1756 2015 Anno
1778 1980 1884 2014 Sexto
1912 1981 1988 2014 col—

144 2037 254 2070 lationi
284 2042 315 2071 et
344 2038 550 2084 dispositioni
580 2045 693 2074 nostre
730 2040 882 2075 duximus
918 2052 957 2075 ea
994 2044 1070 2075 vice
1108 2042 1298 2087 specialiter
1334 2042 1559 2076 reservandos
1597 2043 1827 2076 Decernentes
1863 2046 1988 2075 extunc

144 2100 266 2129 irritum
297 2103 327 2131 et
358 2101 455 2132 inane
484 2102 510 2132 si
541 2110 638 2133 secus
667 2112 768 2146 super
796 2100 856 2135 hiis
886 2113 903 2135 a
941 2113 1104 2147 quoquam
1139 2105 1256 2147 quavis
1291 2105 1487 2136 auctoritate
1522 2105 1669 2136 scienter
1706 2102 1759 2135 vet
1796 2105 1987 2145 ignoranter

142 2160 353 2202 contingeret
380 2163 577 2205 attemptari.
617 2160 696 2193 Cum
724 2163 834 2207 itaque
869 2161 1072 2207 postmodun]
1103 2161 1323 2197 Canonieatus
1360 2168 1392 2197 et
1428 2162 1596 2209 prebenda
1631 2162 1766 2208 predicti
1796 2174 1856 2208 per
1883 2166 1985 2209 ipsius

145 2216 270 2251 Nicolai
308 2217 427 2252 obitum
466 2222 518 2264 qui
562 2231 667 2265 nuper
703 2225 797 2255 extra
837 2221 1018 2255 Romanam
1055 2222 1185 2257 Curiam
1223 2223 1306 2256 diem
1344 2224 1460 2258 clausit
1498 2228 1683 2258 extremum
1721 2226 1918 2257 vacaverint
1954 2227 1986 2256 et

144 2288 268 2311 vacare
297 2284 475 2313 noscantur
503 2279 543 2313 ad
572 2291 711 2326 presens
740 2280 923 2327 Nullusque
951 2287 1064 2328 preter
1091 2294 1152 2317 nos
1181 2283 1242 2317 hac
1271 2287 1347 2317 vice
1375 2283 1415 2317 de
1434 2285 1496 2318 illis
1517 2283 1695 2329 disponere
1716 2286 1857 2329 potuerit
1877 2294 1984 2328 neque

143 2342 249 2383 possit
278 2343 507 2374 reservatione
536 2345 567 2374 et
596 2341 731 2375 decreto
760 2342 994 2377 obsistentibus
1024 2343 1233 2390 supradictis.
1264 2343 1333 2377 Nos
1361 2344 1515 2377 volentes
1551 2343 1606 2377 tibi
1640 2347 1878 2389 premissorum
1908 2356 1984 2378 me—

143 2401 276 2432 ritorum
308 2404 434 2433 tuorum
465 2404 579 2435 intuitu
608 2412 671 2435 nec
700 2412 767 2435 non
797 2403 1063 2437 consideratione
1092 2403 1259 2438 Carissimi
1287 2407 1319 2438 in
1349 2403 1478 2438 Christo
1506 2403 1561 2438 filii
1589 2408 1691 2438 nostri
1720 2404 1833 2439 Karoli
1854 2405 1982 2439 Rorna-

142 2469 258 2492 norum
288 2464 319 2492 et
350 2459 484 2494 Boemie
513 2460 617 2506 Regis
647 2461 783 2496 Illustris
811 2473 872 2510 pro
900 2468 932 2497 te
960 2464 1081 2498 dilecto
1109 2475 1169 2498 suo
1205 2464 1302 2498 nobis
1337 2475 1438 2510 super
1471 2464 1533 2499 hoc
1570 2464 1734 2499 humiliter
1769 2466 1983 2512 supplicantis

141 2522 280 2562 gratiam
310 2519 422 2554 facere
451 2522 631 2567 specialem
660 2522 897 2557 Canonicatum
925 2528 957 2558 et
984 2524 1191 2560 prebendam
1220 2525 1387 2571 predictos
1415 2528 1463 2560 sic
1490 2530 1651 2560 vacantes
1680 2537 1754 2560 cuin
1780 2526 1982 2572 plenitudine
