2206 2735
1026 46 1097 80 158

1006 211 1114 246 200.

131 300 281 334 Jolmnn.
320 298 509 343 illarquas
536 310 599 332 ron
638 298 794 341 Ma'hren,
833 298 955 343 besrei!
990 299 1044 332 die
1074 299 1231 333 Bremner
1262 299 1397 344 Bilryer
1424 310 1488 333 rou
1517 300 1578 333 der
1606 300 1831 345 allqemer'nen
1859 300 1988 335 Steuer

132 359 307 404 besuylich
335 363 439 404 jener
470 359 588 395 Culter.
626 359 752 393 ivelc-lte,
781 362 831 393 sie
859 359 1063 393 ausserlmlb
1092 360 1152 393 der
1180 360 1404 394 Sladlmauer
1431 361 1601 394 entereder
1629 361 1892 406 er'yeutlu'lmliclc
1920 361 1986 396 be-

184 422 292 454 silz-en
322 420 405 453 oder
433 432 496 453 con
525 421 631 454 denen
660 422 710 454 sie
737 420 941 465 yc’e'stlt'cleen
969 420 1142 453 l'ersouen
1171 421 1238 454 und
1266 420 1547 465 Isorporationen
1578 420 1771 466 Zinsmeyen
1800 416 1933 456 zaltlen.

777 481 835 515 De.
866 481 984 514 Brmm
1014 480 1073 514 21'1.
1104 481 1204 514 Mars
1235 480 1345 515 1353.

287 556 374 610 λος
403 576 576 610 Johannes
606 576 658 610 dci
687 578 803 621 gracia
832 575 983 610 Mai-chio
1003 575 1154 610 Morauie
1182 575 1333 610 omnibus
1363 579 1604 623 inperpetuum.
1634 576 1861 612 Aduertentes
1889 582 1986 624 prout

130 646 175 669 ex
205 635 327 670 salubri
357 637 620 670 consiliariorum
651 641 839 670 nostrorum
879 636 1052 670 didicimus
1081 636 1219 670 consilio
1249 636 1343 677 Quod
1374 639 1405 670 in
1435 636 1703 683 possessionibus
1725 638 1849 672 Ciuitas
1870 643 1985 673 nostra

131 696 338 731 Brnnnensis
377 697 556 744 proliciens
592 701 714 742 quanto
753 697 893 743 amplius
929 696 1013 731 lines
1049 701 1082 730 et
1117 697 1237 730 limites
1274 708 1352 731 suos
1387 697 1577 731 extenderit
1611 702 1643 732 et
1679 698 1866 733 dilatauerit
1894 704 1985 733 tanto

132 760 237 800 inagis
275 761 346 791 eins
385 758 493 792 incole
529 760 560 791 in
596 757 733 793 eisdem.
770 769 812 791 ne
843 757 972 791 facilius
1002 758 1084 791 alias
1112 769 1149 791 se
1179 757 1394 801 transferant,
1433 758 1571 791 radicati
1600 769 1673 792 cum
1704 758 1868 793 fidelitatis
1898 770 1986 794 con-

129 820 257 852 stancia
296 818 389 851 nobis
424 823 455 852 ct
490 821 611 852 nostris
647 822 791 864 posteris
829 818 994 852 habebunt
1031 823 1064 852 et
1099 823 1255 864 poterunt
1286 829 1344 864 pro
1383 819 1464 853 loeis
1500 823 1532 853 et
1569 819 1771 866 temporibus
1800 819 1984 864 deseruire,

131 877 205 919 Quo
235 882 323 913 eirca
353 890 425 913 cum
456 884 590 925 propter
618 884 713 925 grata
743 884 775 913 et
803 884 953 926 prompta
983 879 1219 925 obsequiorum
1249 882 1404 923 seruicia,
1439 879 1555 925 quibus
1585 879 1670 914 dicte
1700 883 1843 914 ciuitatis
1872 885 1987 915 nostre

130 939 239 973 dilecti
270 939 383 974 lideles
413 940 513 974 Ciues
545 941 760 974 llrunnenscs
789 940 1062 975 antecessoribus
1091 943 1214 974 nostris
1239 940 1344 974 selicis
1369 940 1620 974 recordacionis
1641 940 1806 985 quondam
1828 940 1986 975 Bohemie

131 999 279 1044 Regibus
309 1005 339 1033 et
369 1000 617 1035 Marehionibus
647 1001 798 1035 Morauie
837 1004 867 1035 in
905 1001 1182 1047 oportunitatibus
1211 1003 1358 1046 requisiti
1387 1002 1599 1047 complacere
1628 1001 1807 1036 studiosius
1836 1013 1985 1036 curaue-

129 1066 215 1094 runt.
252 1060 369 1106 quibus
406 1067 438 1095 et
475 1062 513 1096 ad
552 1066 664 1095 nostra
695 1061 853 1096 heredum
883 1073 1186 1107 successorumque
1221 1066 1408 1096 nostrorum
1438 1067 1598 1108 precepta
1629 1064 1714 1096 sicut
1743 1064 1824 1096 certi
1855 1073 1983 1105 sumus,

129 1132 202 1155 cum
239 1125 424 1156 necessitas
460 1122 658 1165 incubuerit,
695 1123 790 1157 iidem
830 1134 945 1157 corum
985 1123 1176 1156 clarescere
1210 1122 1332 1156 sacient
1368 1133 1442 1156 cum
1479 1122 1609 1165 effectu,
1647 1124 1794 1168 ipsorum
1833 1121 1984 1158 Ciuitatis

130 1182 336 1216 Brnnnensis
373 1188 404 1216 et
434 1186 504 1217 eius
535 1183 655 1218 Incolis
692 1184 866 1218 commodo
895 1189 927 1218 et
955 1186 1162 1218 incremento
1191 1188 1365 1218 teneamur
1393 1195 1457 1217 non
1488 1186 1650 1217 innuerito
1684 1183 1862 1229 prouidere
1897 1183 1984 1218 hane

129 1246 256 1288 priuato}
295 1244 378 1288 legis
415 1247 562 1288 graciam
601 1249 761 1290 perpetuo
798 1246 988 1287 valituram,
1027 1256 1129 1291 super
1165 1255 1229 1290 quo
1265 1255 1308 1278 ex
1338 1247 1471 1290 antiquo
1500 1247 1586 1278 sicut
1614 1244 1756 1279 vidimus
1785 1245 1983 1290 priuilegiati

130 1308 222 1345 sunt,
267 1306 314 1337 cis
351 1315 465 1338 eorum
502 1304 679 1339 heredibus
714 1310 747 1338 ct
782 1305 1035 1339 successoribus
1069 1317 1108 1339 ac
1144 1308 1288 1351 posteris
1324 1308 1489 1339 vniuersis
1518 1305 1734 1339 concedimus
1763 1310 1795 1339 et
1824 1306 1984 1351 largimur

129 1369 162 1398 ct
191 1364 402 1410 presentibus
433 1368 628 1399 innonamus
648 1392 657 1414 ἶ
679 1366 774 1407 Quod
806 1366 846 1399 dc
876 1365 1029 1400 omnibus
1058 1371 1092 1400 et
1119 1366 1258 1411 singulis
1289 1366 1374 1399 villis
1402 1365 1530 1399 allodiis
1559 1368 1651 1410 agris
1678 1365 1828 1400 curtibus
1849 1370 1881 1400 et
1900 1377 1983 1400 cur-

128 1426 236 1459 ticulis
268 1426 371 1459 laneis
400 1425 557 1460 censibus
588 1437 647 1460 seu
677 1426 716 1460 de
746 1426 1017 1473 possessionibus
1046 1426 1322 1474 quibuscumque,
1352 1429 1434 1461 ortis
1464 1427 1626 1461 Pomeriis
1654 1426 1866 1461 Brasiatoriis
1896 1426 1982 1461 Bal-

128 1489 201 1519 neis
229 1484 429 1520 Molendinis
459 1486 577 1531 quibus
606 1498 738 1521 annona
768 1490 968 1521 conteri-itur
996 1488 1047 1521 uel
1077 1490 1177 1534 panni
1207 1492 1438 1534 preparantur,
1469 1486 1632 1521 Tabernis
1653 1486 1802 1522 Macellis
1828 1498 1886 1521 seu
1908 1487 1980 1521 aliis

130 1546 331 1580 mechanicis
360 1547 631 1593 qualitercunque
660 1547 754 1582 dictis
783 1553 814 1582 et
843 1547 1095 1595 quibuscunque
1124 1549 1304 1593 fungantur
1323 1548 1441 1582 officiis
1463 1551 1534 1582 siue
1555 1550 1617 1581 iam
1639 1558 1711 1582 cum
1733 1550 1867 1581 ciuitate
1894 1558 1982 1582 con-

129 1607 271 1641 tribuant
308 1611 378 1641 sine
417 1610 447 1641 in
488 1608 597 1641 futuro
633 1608 787 1642 limitibus
822 1612 965 1643 ciuitatis
1000 1609 1178 1643 adueniant
1215 1613 1247 1642 et
1280 1608 1445 1642 addantur
1479 1613 1512 1642 et
1545 1611 1576 1642 in
1612 1619 1741 1653 genere
1770 1607 1910 1642 dicendo
1940 1608 1981 1642 de

129 1668 281 1703 omnibus
312 1668 448 1702 edificiis
477 1673 573 1703 extra
603 1668 760 1703 fossatum
792 1669 940 1704 Ciuitatis
970 1674 1085 1716 positis
1114 1675 1146 1704 et
1174 1670 1364 1716 specialiter
1393 1669 1432 1702 de
1462 1672 1604 1703 araturis
1633 1671 1702 1703 suis
1722 1671 1825 1714 pratis
1846 1672 1980 1715 pascuis

129 1730 181 1764 ucl
211 1730 274 1763 alio
304 1740 511 1776 quocumque
540 1733 673 1763 nomine
703 1730 797 1764 dictis
827 1730 1063 1765 hereditatibus
1092 1736 1125 1765 et
1153 1731 1249 1765 honis
1279 1730 1320 1764 de
1349 1729 1465 1776 quibus
1493 1729 1707 1763 Monasleriis
1738 1734 1770 1763 et
1798 1729 1980 1774 Religiosis

130 1791 182 1824 uel
212 1789 461 1824 Ecclesiasticis
490 1791 645 1836 personis
675 1802 811 1825 censum
843 1792 975 1825 solunnt
1004 1792 1055 1825 uel
1085 1792 1144 1826 snb
1174 1792 1236 1825 alio
1265 1795 1362 1837 pacto
1392 1794 1504 1824 tenent
1532 1795 1563 1823 et
1591 1790 1764 1836 possident
1788 1791 1840 1824 uel
1864 1795 1980 1824 tenere

129 1856 161 1885 et
190 1850 364 1897 possidere
395 1862 453 1885 eos
482 1854 696 1896 contingerit,
727 1854 757 1885 in
787 1851 929 1885 futurum
961 1852 1088 1886 Bernas
1117 1864 1176 1886 seu
1206 1851 1373 1886 Collectas
1402 1851 1579 1896 generales
1610 1850 1756 1895 Regales
1789 1848 1841 1885 uel
1871 1853 1979 1896 parti—

127 1912 258 1945 culares
294 1911 389 1944 nobis
424 1916 477 1945 aut
513 1911 691 1945 heredibus
728 1913 780 1946 uel
819 1913 1075 1947 successoribus
1113 1916 1235 1947 nostris
1274 1911 1422 1957 Regibus
1453 1911 1611 1945 Bohemie
1647 1912 1698 1945 uel
1729 1911 1978 1945 marchionibus

126 1970 288 2013 Memmio,
325 1975 376 2018 qui
415 1984 473 2018 pro
510 1977 658 2019 tempore
696 1972 828 2007 suerint.
868 1979 1029 2020 perpetuo
1062 1974 1197 2008 soluere
1224 1976 1358 2007 minime
1388 1977 1565 2006 teneantur
1594 1984 1611 2006 a
1641 1983 1776 2018 quarum
1807 1973 1978 2006 solucione

127 2036 218 2079 ipsos
247 2032 345 2066 Ciues
376 2033 590 2067 Brunnenses
626 2039 657 2067 et
695 2033 871 2079 quemlibet
909 2046 1022 2068 eorum
1053 2037 1229 2068 eximimus
1258 2038 1291 2067 et
1319 2033 1528 2080 presentibus
1556 2033 1724 2067 reddimus
1753 2036 1883 2078 penitus
1912 2032 1977 2066 ab-

128 2094 265 2127 solutos.
299 2093 332 2127 In
363 2105 500 2139 quorum
532 2097 752 2128 testimonium
783 2100 957 2141 presentes
987 2097 1036 2129 eis
1067 2099 1097 2128 ct
1127 2106 1239 2128 eorum
1270 2097 1414 2140 posteris
1444 2094 1593 2128 dedimus
1612 2094 1724 2127 literas
1745 2092 1852 2138 Sigilli
1873 2096 1975 2127 nostri

126 2157 304 2188 mnnimine
334 2154 518 2188 roboratas.
551 2154 667 2188 Datum
689 2155 822 2189 Brunne
852 2157 952 2190 Anno
981 2155 1103 2189 domini
1124 2155 1299 2189 Millesimo
1321 2158 1556 2189 trecentesimo
1576 2156 1851 2201 quinquagesimo
1872 2157 1975 2188 tercio

126 2215 179 2248 (lie
208 2218 371 2260 vigesima
401 2219 515 2261 quarta
553 2214 680 2249 Mensis
710 2215 838 2250 Marcii.

435 2291 508 2330 (Ans
533 2295 595 2319 dem
621 2294 715 2319 (sodex
741 2295 790 2322 ΧΓ,
815 2296 853 2320 34
879 2294 927 2322 fol.
954 2296 992 2320 53
1023 2295 1058 2320 im
1084 2295 1209 2321 Archive
1235 2295 1284 2320 der
1309 2295 1334 2320 k.
1361 2294 1446 2321 Stadt
1468 2292 1590 2331 Brunn.)
