2206 2735
1110 82 1178 117 163

220 199 363 230 omnium
392 196 615 231 subiectorum
644 196 824 230 commodis
853 195 1029 240 uigilanter
1056 195 1206 238 intendit,
1236 194 1275 227 ad
1296 194 1423 228 illorum
1453 199 1562 228 tamen
1591 196 1732 238 quietem
1762 199 1795 227 et
1824 198 1942 228 statum
1972 199 2067 227 tran-

219 257 363 303 quillum,
392 257 532 304 quodam
561 256 739 301 singularis
769 257 968 301 dignationis
997 256 1114 290 affectu
1142 256 1317 289 inclinatur
1346 257 1556 301 propensius,
1587 266 1669 299 quos
1695 255 1862 300 amplioris
1882 254 2066 289 sedulitatis

220 321 253 351 et
279 317 354 352 fidei
382 322 476 362 grata
504 319 690 351 constantia
719 316 966 351 recommendat
994 327 1075 351 53116
1103 315 1305 350 venerabilis
1334 315 1474 349 Joannis
1504 314 1737 348 Olomucensis
1766 318 1935 361 episcopi,
1970 317 2067 362 prin-

220 381 312 424 cipis,
343 378 532 420 consiliarii,
562 381 594 411 et
623 377 734 412 deuoti
762 381 866 412 nostri
895 377 1005 411 dilecti
1034 376 1123 410 clara
1152 375 1281 421 quidem
1311 379 1343 409 et
1372 379 1509 422 accepta
1539 378 1656 409 merita
1696 386 1759 409 1166
1796 386 1862 409 11011
1890 375 2066 410 immobilis

218 438 291 473 fidei
319 441 504 486 puritatem,
535 437 652 484 quibus
681 441 752 484 ipse
782 444 946 484 tamquam
975 439 1081 471 nostri
1109 436 1245 470 Zelator
1272 435 1408 470 honoris
1438 439 1522 470 sicut
1554 438 1764 481 expcrIcntia
1802 440 1886 470 testc
1922 436 2067 480 collegi-

219 511 290 534 mus
318 499 545 534 celsitudinem
574 503 718 532 nostram
747 510 810 532 nec
839 509 905 532 non
935 498 1024 532 clare
1053 499 1212 531 memorie
1240 497 1398 531 illustrem
1420 496 1582 530 Joannem
1605 495 1768 542 quondam
1791 495 1927 529 Boemie
1947 506 2063 541 regem

217 563 400 605 genitorem
428 563 577 593 nostrum
606 559 758 593 dilectum
786 558 971 592 honorasse
1003 557 1194 601 dinoscitur,
1225 557 1313 591 clare
1342 561 1455 591 nostre
1483 560 1605 590 mentis
1635 559 1751 590 1111111111
1780 556 1945 603 limpidius
1974 559 2066 590 intu-

218 625 309 655 entes
338 623 447 654 animo
476 619 667 663 deliberato,
699 630 779 654 sano
808 621 905 652 etiam
934 621 1140 665 principum,
1174 617 1335 652 baronum
1373 622 1403 651 et
1441 628 1617 664 procerum
1657 620 1751 662 regni
1789 620 1892 651 nostri
1928 617 2065 651 Boemie

217 681 399 715 accedente
427 682 577 724 consilio,
607 691 722 714 omnes
750 684 781 713 et
809 679 957 724 singulas
987 679 1116 714 litteras
1144 684 1177 713 et
1203 679 1396 725 priuilegia,
1427 689 1509 723 quas
1538 684 1567 712 et
1597 690 1660 725 que
1689 678 1795 712 felicis
1824 677 2065 712 recordationis

219 740 428 776 venerabiles
465 743 651 784 antistites,
689 740 776 774 dicte
814 739 1047 775 Olomucensis
1086 739 1233 773 ecclesie
1268 738 1529 785 predecessores
1567 742 1628 783 sui,
1666 750 1767 785 super
1803 738 2065 784 quibuscumque

210 802 352 847 juribus,
381 801 595 845 libertatibus,
631 803 761 846 gratiis,
798 800 990 844 honoribus,
1020 799 1256 843 imnnitatibus⁷
1286 802 1395 843 terris,
1425 803 1555 834 castris.
1584 798 1884 844 jurisdictionibus,
1913 798 2064 845 pheudis,

215 875 274 897 seu
311 864 382 897 aliis
419 862 614 909 quibuslibet
651 861 826 905 fructibus,
865 861 1059 905 redditibus,
1089 859 1322 907 prouentibus,
1359 870 1418 893 seu
1446 859 1545 893 rebus
1575 859 1724 903 ejusdem
1754 859 1918 902 ecclesie,
1949 858 2064 904 quibus

212 927 309 957 etiam
334 922 520 957 nominibus
553 923 699 969 appelari
719 922 864 965 valeant,
886 921 1193 963 consuetudinibus,
1214 919 1341 963 usibus,
1362 920 1597 962 obseruantiis,
1619 922 1690 953 siue
1711 922 1742 952 in
1764 922 1885 965 scripta
1905 922 2063 965 reposita,

214 995 273 1018 seu
301 995 360 1018 11511
390 986 547 1018 utentium
569 983 771 1030 approbatis,
792 982 831 1016 ab
851 982 1030 1017 illustribus
1051 981 1214 1028 quondam
1234 980 1370 1014 Boemie
1389 979 1537 1024 regibus,
1560 979 1804 1013 marchionibus
1824 979 1988 1022 Moravie,
2011 984 2064 1013 3111

213 1045 285 1079 aliis
305 1044 518 1091 principibus,
539 1043 717 1078 baronibus
736 1044 884 1086 vasallis,
906 1054 963 1076 5611
985 1043 1116 1076 clericis
1136 1041 1257 1075 Christi
1277 1040 1426 1075 fidelibus
1446 1040 1628 1074 obtinuisse
1647 1044 1842 1083 noscuntur,
1858 1043 1889 1073 111
1911 1039 2062 1073 omnibus

213 1109 280 1139 suis
309 1107 495 1148 sententiis,
524 1104 705 1147 tenoribus,
735 1107 867 1150 punctis
896 1108 929 1138 et
956 1103 1114 1137 clausulis
1144 1102 1185 1136 de
1211 1102 1315 1136 uerbo
1344 1101 1383 1135 ad
1412 1101 1550 1134 uerbum
1578 1105 1675 1146 prout
1702 1103 1837 1146 scripte.
1858 1111 1916 1134 5611
1937 1103 2063 1148 scripta

213 1170 300 1209 sunt,
323 1177 361 1199 36
376 1169 402 1199 51
419 1170 552 1200 tenores
574 1168 715 1199 omnium
735 1164 947 1211 presentibus
967 1167 1082 1198 inserti
1103 1166 1345 1206 consisterent,
1368 1165 1496 1196 etiamsi
1519 1162 1558 1195 de
1581 1161 1631 1194 1115
1649 1163 1725 1206 jure
1747 1161 1800 1194 uel
1822 1160 2063 1195 consuetudine

213 1226 359 1270 deberet,
380 1230 411 1260 in
429 1229 517 1260 serie
532 1229 735 1272 presentium
760 1225 913 1259 distincta
933 1224 1003 1258 fieri
1026 1226 1148 1257 mentio
1172 1224 1328 1270 specialis
1352 1223 1392 1256 de
1415 1226 1510 1268 regie
1532 1225 1708 1268 potestatis
1732 1221 1936 1267 plenitudine
1961 1232 2001 1255 ac
2023 1221 2062 1255 de

211 1291 300 1321 certa
320 1291 432 1321 nostra
452 1288 591 1321 scientia
611 1286 841 1332 approbamus,
861 1284 1074 1327 ratificamus„
1092 1289 1124 1318 et
1144 1284 1239 1318 solita
1259 1287 1391 1330 pietatis
1411 1284 1587 1317 clementia
1608 1282 1854 1316 confirmamus.
1873 1281 1958 1315 Nulli
1979 1292 2061 1327 ergo

210 1350 341 1393 penitus
377 1347 564 1389 hominum,
603 1348 840 1392 cujuscumque
874 1346 1020 1391 gradus,
1059 1350 1163 1379 status
1202 1356 1262 1379 seu
1291 1344 1487 1379 conditionis
1517 1346 1655 1386 existat,
1684 1343 1805 1389 liceat,
1833 1341 1920 1376 113116
1947 1346 2062 1377 1105116

210 1408 469 1455 approbationis,
496 1407 734 1451 ratificationis,
762 1411 796 1441 et
823 1407 1079 1441 confirmationis
1107 1408 1264 1452 paginam
1293 1404 1503 1449 infringere,
1540 1415 1599 1438 seu
1630 1406 1660 1437 ei
1689 1406 1808 1448 quovis
1838 1413 1920 1437 ausu
1949 1407 2061 1437 teme—

211 1472 299 1503 rario
327 1471 506 1503 contraire.
551 1466 619 1503 Sub
647 1479 734 1515 pena
763 1467 977 1502 ducentarum
1006 1477 1192 1501 marcarum
1221 1468 1293 1512 puri
1322 1468 1405 1508 auri,
1434 1475 1531 1511 quam
1561 1467 1669 1508 enim,
1703 1467 1757 1510 qui
1785 1467 1901 1497 contra
1928 1462 2059 1507 fecerit,

211 1532 343 1573 totiens,
371 1532 522 1574 quotiens
551 1533 665 1562 contra
693 1528 815 1562 factum
844 1527 962 1570 fuerit,
997 1531 1073 1574 post
1099 1530 1215 1572 grauis
1243 1526 1480 1571 indignationis
1509 1529 1625 1560 nostre
1654 1524 1810 1568 aculeos,
1849 1524 2060 1559 decernimus

211 1593 384 1625 inem-isse.
414 1590 513 1624 Cuius
541 1589 751 1623 medietatem
780 1591 875 1634 regie
902 1599 1069 1622 cammere
1098 1591 1170 1622 sine
1197 1586 1299 1629 Fisci,
1329 1585 1495 1620 residuam
1515 1596 1597 1619 uero
1617 1584 1858 1619 venerabilium
1879 1586 2059 1619 antistitum

214 1650 299 1684 dicte
327 1649 561 1685 Olomucensis
589 1650 746 1692 ecclesie,
785 1653 838 1696 qui
866 1660 925 1696 pro
962 1654 1113 1696 tempore
1148 1647 1280 1691 fuerint,
1318 1647 1445 1680 utilitati
1483 1650 1515 1680 et
1551 1645 1667 1680 usibus
1703 1646 1854 1679 uolumus
1889 1645 2058 1692 applicari,

215 1711 421 1745 presentium
450 1711 510 1746 sub
537 1722 639 1745 aurea
667 1711 753 1745 bulla
782 1714 912 1756 typario
941 1715 1054 1744 nostre
1083 1711 1266 1754 majestatis
1294 1711 1457 1754 impressa
1486 1709 1677 1741 testimonio
1704 1706 1900 1740 litterarum.
1939 1705 2058 1739 Datum

213 1771 322 1817 Prage
349 1782 438 1805 311110
465 1772 586 1805 1101111111
614 1772 788 1805 millesimo
816 1774 1055 1805 trecentesimo
1091 1772 1367 1816 quinquagesimo
1400 1770 1517 1801 tercio.
1574 1767 1761 1801 Indictione
1788 1771 1896 1802 sexta.
1952 1765 2058 1800 Nonis

213 1830 302 1877 Maji.
331 1831 525 1876 Regnorum
553 1836 744 1866 nostrorum
771 1842 860 1865 anno
888 1834 1041 1878 septimo.

521 1918 596 1956 (Ans
620 1919 683 1945 dem
708 1919 785 1953 Orig.
810 1919 895 1953 Perg.
927 1919 963 1944 im
994 1917 1147 1945 ftirsterzb.
1172 1918 1298 1943 Archive
1328 1917 1355 1942 in
1379 1915 1526 1942 Kremsier
1556 1914 1784 1948 abgeschrieben
1812 1923 1868 1942 von
1892 1914 1919 1941 J.
1946 1914 2059 1949 Chytil:

625 1971 675 1997 der
698 1970 834 1997 Abdruck
865 1971 893 1996 in
922 1969 1028 1996 Pelzl's
1058 1970 1128 1995 Karl
1153 1970 1202 1996 lV.
1227 1968 1460 1996 Urkundenbuch
1485 1968 1504 1994 1.
1530 1967 1583 1993 Th.
1608 1977 1636 2001 p.
1666 1967 1735 2002 125,
1767 1967 1843 1992 daun
1875 1967 1939 1992 eine
1969 1966 2059 2000 Copie

624 2023 661 2048 im
685 2022 778 2050 11611111,
804 2023 933 2048 Museum
958 2021 1053 2048 haben
1077 2023 1128 2048 das
1153 2023 1260 2047 Datum
1287 2022 1328 2047 111
1353 2021 1450 2046 Nonas
1474 2015 1570 2057 Maii.)

1085 2167 1193 2203 206.

999 2254 1029 2287 7.
1059 2254 1135 2287 Mai
1163 2253 1274 2287 1353.

224 2402 236 2408 ν
366 2333 435 2386 K.
466 2351 545 2385 Karl
572 2351 631 2385 IV.
660 2350 728 2396 gibt
756 2351 819 2385 den
847 2349 1094 2384 Mansionarien
1123 2348 1181 2382 der
1208 2348 1334 2393 Prager
1358 2347 1481 2382 Kirche
1509 2353 1584 2383 stati
1614 2349 1672 2382 der
1693 2347 1815 2382 Dorfer
1834 2347 1963 2393 Jaseny
1990 2347 2054 2380 und

215 2411 369 2446 Cernilov
397 2412 449 2446 die
477 2412 600 2446 0111161
629 2412 834 2455 Bratronitz,
863 2410 988 2453 Zilina‚
1018 2409 1130 2456 Krupa
1158 2409 1225 2443 und
1265 2408 1390 2443 Olesna
1425 2412 1481 2443 mit
1515 2409 1746 2454 Zustimmung
1782 2411 1894 2443 seiner
1929 2407 2057 2441 Briider

213 2472 343 2507 Johann
371 2472 435 2506 und
464 2472 620 2517 Wenzel,
650 2472 710 2506 des
737 2471 868 2506 Johann
896 2482 964 2505 von
991 2470 1190 2504 Boskowitz
1219 2471 1279 2503 (icc.
1311 2469 1364 2503 Dt.
1395 2469 1503 2514 Prage
1535 2469 1630 2505 1353
1660 2468 1774 2503 Nonas
1801 2467 1890 2512 Maji.

522 2559 724 2595 (Abgedruckt.
747 2560 775 2585 in
801 2559 894 2586 Dobn.
920 2560 995 2586 Mon.
1020 2559 1070 2586 111.
1096 2556 1182 2595 344.)

1851 2617 1909 2642 21*
