2206 2735
1052 58 1123 91 166

163 178 284 210 minum
314 175 410 208 liccat
441 174 525 207 lianc
555 177 670 206 nostre
699 171 953 218 approbavimus
991 175 1020 204 ot
1050 170 1285 204 ratificarionis
1316 173 1470 215 paginam
1501 170 1695 214 insu-ingero,
1733 181 1792 204 sen
1829 174 1859 204 ci
1895 174 2012 217 quouis

163 248 245 270 {nisu
275 237 451 269 trnwrario
481 238 648 268 contraire
677 233 736 267 snb
766 245 849 279 puna
878 236 992 275 granis
1023 231 1266 275 indignacionis
1296 234 1388 273 regii·
1419 242 1477 276 pro
1507 237 1592 265 inotn
1623 231 1878 265 deliberacionis
1899 237 2013 266 nostre

160 296 409 342 quibuscunque
438 293 769 328 conlrauenicnlibus
798 296 946 337 grauiter
975 291 1165 336 inlligcnda.
1217 292 1430 325 l‘rrsrnriuin
1461 292 1520 326 sub
1551 297 1662 326 nostre
1691 293 1874 327 Maiestatis
1903 293 2012 338 sigillo

162 358 349 391 testimonio
371 356 564 389 litterarum.
597 355 714 388 Datnni
737 358 767 387 in
790 354 898 388 Grccz
919 365 1019 399 snper
1040 352 1146 386 Athen
1169 353 1268 385 Anno
1294 352 1414 385 ‹loinini
1437 351 1610 386 Millvsinio
1631 353 1885 390 Trecentesimo
1902 354 2013 394 Quin-

162 420 360 463 quagcsiuio
384 416 505 450 'l'crrio
526 416 617 449 Vllll
642 415 808 449 Kalendas
829 415 916 448 Julii.
948 414 1139 447 ludici-ione
1161 413 1274 446 Sexta.
1303 413 1494 456 Regnorum
1518 418 1706 447 nostrornm
1730 415 1829 447 Anno
1850 413 2010 459 Septimo.

469 508 565 543 (orig,
594 508 676 540 [Ἄτῃ.
703 507 750 532 init
775 516 901 540 grossa-ni
927 506 1051 539 nuliiuig.
1083 506 1141 539 sig.
1177 506 1211 530 ini
1245 505 1367 531 archivo
1399 504 1554 529 :lessi-llicit
1582 505 1721 537 lssostvrs,
1751 505 1786 530 im
1818 506 2011 533 Landcsnrcli.

576 559 632 585 th.
660 558 694 593 A,
720 558 767 585 Ns,
795 558 857 593 (EQ)

1032 704 1085 738 21
1103 703 1140 738 l.

719 793 891 826 Olnmtz-er
922 790 1112 824 Landrecltl
1142 789 1202 823 29.
1235 790 1319 823 ,Ιιιηῐ
1351 789 1458 823 1353.

317 870 434 922 Anno
463 889 584 922 domini
613 888 789 922 Millcsimo
819 887 1072 921 Trecentesimo
1101 886 1495 931 Quinquagesimotercio
1525 884 1672 919 Sabbato
1707 890 1780 931 post
1809 885 1895 919 diem
1925 884 2011 919 beati

159 949 319 984 Johannis
349 949 496 995 Baptiste
525 950 697 995 Colloquio
726 949 932 982 dominorum
962 947 1132 981 celebrato
1161 957 1220 992 per
1249 946 1400 979 dominos
1430 945 1617 980 Johannein
1647 946 1687 979 de
1716 946 1856 980 Urawar
1885 946 2011 980 Came-

159 1013 291 1045 rariuin.
323 1010 508 1044 Hersonem
539 1010 726 1045 Sndarium.
759 1009 919 1054 Ogcrium
948 1011 1111 1042 notarium
1142 1010 1173 1040 in
1205 1009 1380 1053 presencia
1409 1006 1615 1040 dominorum
1645 1006 1807 1053 Stephani
1828 1007 1868 1040 de
1889 1007 2011 1041 Stern-

159 1070 252 1107 berk.
283 1071 434 1104 Bencssii
465 1076 498 1104 et
525 1071 682 1105 Jesconis
711 1071 753 1104 dc
782 1070 921 1106 Buzow,
960 1068 1119 1115 Stephani
1150 1067 1191 1101 de
1220 1068 1389 1101 Cnnouicz
1425 1072 1455 1101 et
1490 1068 1702 1113 plurimorum
1732 1068 1868 1101 aliorum
1901 1067 2014 1101 domi-

160 1142 274 1165 norum
305 1135 392 1165 terre
422 1132 507 1165 Acta
538 1136 625 1167 sunt.
656 1142 720 1177 que
749 1136 908 1165 secuntur
935 1134 968 1164 et
995 1132 1027 1163 in
1057 1131 1233 1174 presencia
1262 1128 1384 1162 domini
1416 1128 1569 1163 Bcnessii
1595 1128 1634 1162 de
1655 1128 1827 1171 Plumnau,
1857 1128 2014 1162 Jesconis

160 1192 200 1226 de
227 1192 363 1234 Conicz,
393 1191 522 1225 Artlebi
552 1192 593 1226 de
622 1192 894 1233 Starzecliouicz,
923 1190 1068 1224 Jarossii
1097 1189 1138 1223 de
1167 1188 1335 1223 Draliotus
1366 1193 1397 1222 ct
1425 1189 1532 1222 multis
1562 1189 1632 1223 aliis
1661 1188 1825 1223 nobilibus
1857 1189 2014 1223 videlicet

159 1252 306 1287 Jescone
334 1252 377 1286 de
404 1252 531 1295 Kokor‚
567 1251 719 1286 Jancone
748 1252 789 1286 de
819 1252 952 1297 Popicz.

469 1337 631 1370 (Olmiitzvr
655 1339 812 1365 Landtafet
844 1338 907 1367 Lib.
934 1340 955 1365 1.
981 1339 1030 1365 ΝΥ.
1055 1336 1142 1375 295.)

1031 1498 1139 1534 212.

341 1589 529 1635 ,llarltyras
550 1589 688 1624 Jolmnn
715 1589 887 1637 ⁴beslt‘zliqt
924 1589 996 1623 dem
1031 1590 1172 1623 Klosler
1200 1589 1296 1624 Saar
1323 1589 1394 1623 alle
1419 1589 1582 1632 fritheren
1615 1588 1835 1633 Privileqien.

815 1651 872 1684 Dc.
905 1650 1044 1684 Brmme
1072 1651 1106 1684 4.
1136 1650 1224 1683 ,Iulii
1253 1649 1361 1684 1353.

325 1727 517 1781 Johannes
545 1746 598 1781 dei
631 1750 743 1792 gracia
774 1745 925 1780 Marchio
961 1745 1113 1780 Morauie
1151 1745 1331 1791 Religiosis
1369 1744 1491 1780 Abbati
1525 1749 1557 1778 et
1594 1744 1778 1779 Conuentui
1814 1743 2011 1779 Monasterii

161 1811 193 1842 in
222 1807 286 1842 Sar
314 1806 449 1842 Ordinis
479 1806 728 1855 cysterciensis
757 1807 938 1852 pragensis
967 1807 1155 1854 dyoceseos
1184 1806 1323 1841 Deuotis
1351 1808 1476 1840 nostris
1514 1805 1643 1840 dilectis
1678 1808 1828 1851 graciam
1856 1815 1952 1839 suam
1981 1809 2012 1838 et

162 1878 259 1903 omne
286 1866 419 1902 honum.
469 1868 694 1903 Consideratis
722 1867 954 1914 multiplicibus
983 1870 1138 1902 virtutum
1169 1868 1302 1913 studiis,
1338 1867 1456 1914 quibus
1491 1867 1530 1901 ad
1565 1867 1694 1901 laudem
1724 1866 1776 1900 dei
1805 1870 1838 1900 et
1865 1865 2012 1910 gloriose

162 1931 302 1974 virginis
331 1933 362 1962 et
390 1931 502 1963 matris
530 1932 602 1964 eius
630 1929 809 1963 insudastis
837 1929 998 1963 hactenus
1027 1933 1060 1963 et
1088 1931 1287 1963 continuatis
1316 1928 1508 1974 frequenter
1535 1927 1706 1963 affectibus
1736 1926 1878 1961 militatis
1908 1931 1944 1961 vt
1972 1937 2012 1959 eo

162 1989 297 2024 liberius
326 1988 437 2023 diuino
465 1991 565 2024 cultui
593 1990 736 2024 valeatis
763 1990 950 2033 intendere,
980 2001 1044 2036 quo
1075 2001 1113 2025 se
1140 1989 1286 2025 vberiori
1315 1989 1531 2034 benignitatis
1560 2000 1697 2024 munere
1723 1992 1837 2023 vestra
1869 1990 2012 2022 senserit

162 2050 424 2085 commendanda
454 2050 594 2085 deuocio
622 2056 737 2085 nostre
764 2051 1018 2096 magnificencie
1047 2053 1248 2098 prouisionis
1276 2053 1390 2095 gracia
1420 2054 1647 2097 prosecutam,
1683 2053 1791 2083 animo
1828 2047 2012 2083 deliberato

163 2115 197 2145 et
224 2121 306 2145 sano
334 2115 523 2145 nostrorum
552 2122 727 2157 procerum
757 2112 939 2146 accedente
967 2113 1108 2146 consilio
1137 2111 1252 2155 vobis,
1287 2110 1545 2146 successoribus
1580 2113 1703 2146 vestris
1739 2113 1770 2144 et
1808 2111 2012 2144 monasterio

163 2174 196 2206 in
225 2171 289 2206 Sar
317 2175 557 2218 imperpetuum
587 2176 695 2206 omnia
725 2173 910 2218 priuilegia,
940 2174 1066 2216 literas,
1096 2171 1195 2215 Jura,
1224 2171 1428 2216 Libertates,
1458 2171 1615 2215 Gracias,
1644 2171 1879 2214 Donaciones,
1918 2169 2014 2204 Con-

165 2235 351 2277 cessiones,
381 2232 647 2268 Consuetudines
678 2239 708 2267 et
736 2234 961 2277 Emnnitates,
996 2233 1115 2279 quibus
1143 2233 1319 2267 deuocioni
1347 2238 1462 2268 vestre
1491 2243 1593 2279 super
1629 2230 1882 2278 quibuscunque
1912 2229 2011 2264 rebus

165 2293 388 2339 spiritualibus
416 2294 471 2328 vel
506 2294 759 2340 temporalibus,
797 2293 970 2329 mobilibus
1006 2294 1059 2328 vel
1096 2293 1333 2337 immobilibus,
1369 2293 1559 2338 Vbicunque
1592 2293 1760 2335 locorum,
1805 2295 1860 2326 aut
1895 2289 2012 2337 quibus

165 2354 370 2400 appellentur
397 2354 597 2397 nominibus,
626 2355 717 2388 clare
744 2358 903 2389 memorie
931 2354 1108 2389 Illustrium
1139 2355 1302 2402 quondam
1331 2354 1484 2389 bohemie
1512 2364 1648 2399 regum,
1678 2353 1798 2387 ducum
1829 2363 1891 2387 sev
1917 2354 2014 2398 prin—

165 2417 285 2460 cipum,
315 2413 543 2449 Marchionum
572 2415 734 2459 Morauie,
763 2419 1012 2462 progenitorum
1042 2427 1102 2451 seu
1136 2416 1414 2462 predecessorum
1451 2419 1641 2449 nostrorum
1673 2416 1726 2460 pia
1762 2413 1919 2458 dignacio
1953 2414 2014 2446 rite

165 2475 318 2521 prouidit,
348 2479 402 2509 aut
421 2486 485 2521 que
505 2487 563 2509 seu
590 2487 670 2521 quas
701 2488 718 2510 a
748 2476 996 2523 quibuscunque
1029 2480 1182 2523 personis
1216 2477 1454 2511 ecclesiasticis
1480 2475 1533 2509 vel
1553 2473 1772 2520 secularibus,
1792 2476 1886 2507 cuius
1908 2474 2012 2506 eciam

165 2539 279 2578 status,
308 2535 457 2579 honoris,
487 2536 660 2581 dignitatis
691 2548 750 2571 seu
780 2537 984 2572 condicionis
1014 2540 1174 2580 existant,
1203 2536 1389 2571 obtinuisse
1418 2537 1603 2578 noscimini,
1633 2537 1665 2568 in
1694 2532 1845 2568 omnibus
1867 2534 1937 2567 suis
1958 2535 2014 2565 te—
