2206 2735
1119 53 1183 87 101

229 173 305 205 tutis
333 175 366 204 et
393 169 685 205 consuetudinibus
713 171 815 214 ipsius
844 167 991 202 ecclesie
1019 167 1193 200 contrariis
1221 167 1405 198 iuramento
1434 162 1684 196 confirmatione
1710 162 1890 208 apostolica
1912 162 1966 195 vel
1986 173 2075 206 qua-

229 241 370 276 cumque
398 230 550 265 firmitate
579 230 640 264 alia
670 228 846 263 roboratis.
876 229 945 262 Aut
972 229 1000 261 si
1028 227 1127 272 aliqui
1156 224 1340 271 apostolica
1368 223 1423 256 vel
1452 222 1515 256 alia
1543 226 1660 268 quavis
1690 226 1887 257 auctoritate
1906 225 1939 255 in
1959 222 2076 255 eadem

229 292 375 325 ecclesia
403 294 434 325 in
464 293 644 325 canonicos
673 292 736 323 sint
763 291 900 334 recepti,
938 288 993 321 vel
1020 291 1055 321 ut
1090 288 1292 331 recipiantur
1324 286 1468 317 insitant.
1527 282 1594 316 Seu
1631 285 1658 316 si
1695 294 1795 328 super
1830 282 2075 328 provisionibus

230 351 290 385 sibi
320 351 481 385 faciendis
518 350 558 383 de
594 349 852 384 Canonicatibus
886 353 918 382 et
952 347 1133 394 prebendis
1168 349 1200 379 in
1237 345 1323 378 dicta
1361 344 1504 378 ecclesia
1539 343 1705 389 speciales
1738 344 1791 377 vel
1828 344 1868 377 de
1905 342 2076 376 beneficiis

229 412 465 445 ecclesiasticis
494 413 525 444 in
556 410 619 444 illis
649 409 796 455 partibus
824 408 1004 454 generales
1040 406 1127 440 dicte
1162 406 1251 440 sedis
1285 406 1340 439 vel
1379 406 1564 449 legatorum
1603 406 1674 437 eius
1710 404 1821 437 literas
1857 406 2075 449 impetrarint.

230 474 359 506 etiamsi
388 482 448 518 per
477 482 535 505 eas
564 470 605 505 ad
633 470 873 513 inhibitionem,
902 470 1167 502 reservationem
1197 470 1229 499 et
1257 465 1425 499 decretum
1454 465 1509 499 vel
1538 465 1619 498 alias
1648 463 1894 510 quomodolibet
1923 467 1963 497 sit
1993 474 2076 509 pro-

229 543 375 575 cessum,
405 531 522 578 quibus
551 531 702 565 omnibus
732 536 763 564 te
791 533 823 564 in
852 531 1066 563 assecutione
1094 527 1255 560 dictorum
1285 525 1507 559 Canonicatus
1536 529 1569 559 et
1596 523 1765 570 prebende
1793 524 1946 557 volumus
1977 528 2077 557 ante-

230 592 319 634 ferrn
349 591 406 625 sed
435 592 556 625 nullum
587 603 645 637 per
675 592 737 625 boc
766 593 814 624 eis
842 600 906 635 quo
936 589 974 623 ad
1005 591 1247 623 assecutionem
1279 586 1539 620 Canonicatuum
1569 590 1601 618 et
1630 584 1870 630 prebendarum
1902 595 1939 617 ac
1968 583 2076 617 bene-

229 653 376 686 liciorum
405 653 542 686 aliorum
572 652 786 698 prejudicium
823 652 990 695 generari.
1035 649 1103 683 Seu
1140 650 1166 682 si
1202 647 1326 681 eisdem
1361 645 1527 692 Episcopo
1563 649 1594 678 et
1631 644 1780 690 Capitulo
1819 644 1872 677 vel
1907 643 2077 689 quibusvis

229 713 301 746 aliis
331 715 549 746 communiter
576 712 631 746 vel
660 710 792 745 divisim
822 722 839 744 a
869 710 954 744 dicta
982 712 1024 743 sit
1051 709 1132 743 sede
1160 708 1331 749 indultum,
1361 707 1446 753 quod
1467 706 1506 740 ad
1529 709 1756 752 receptionem
1777 705 1830 738 vel
1852 707 2077 750 provisionem

231 773 369 806 alicuius
398 776 531 806 minime
560 777 747 815 teneantur,
776 777 808 805 et
836 776 869 805 at
896 771 927 805 id
955 769 1107 816 compelli
1135 779 1201 802 non
1231 771 1368 814 possint,
1397 767 1550 813 quodque
1579 766 1620 800 de
1649 765 1906 800 Canonicatibus
1936 769 1968 798 et
1997 776 2078 810 pre-

229 833 346 867 bendis
376 833 524 867 eiusdem
551 834 708 875 ecclesie,
737 837 792 866 aut
819 832 892 866 aliis
921 831 1093 865 beneficiis
1121 829 1361 863 ecclesiasticis
1390 828 1430 862 ad
1461 839 1575 861 eorum
1604 828 1824 862 collationem.
1853 828 2077 871 provisionem

230 905 289 928 seu
318 897 469 940 quamvis
498 894 593 927 aliam
623 893 873 940 dispositionem
903 894 1106 926 coniunctim
1137 890 1191 924 vel
1220 892 1398 936 separatim
1427 887 1653 935 spectantibus
1683 888 1760 921 nulli
1780 887 1890 920 valeat
1911 885 2078 931 provideri

230 966 289 1001 per
318 955 428 988 literas
457 954 659 1000 apostolicas
688 964 754 987 non
783 953 945 987 facientes
975 953 1104 999 plenam
1133 956 1166 985 et
1195 961 1394 997 expressam
1424 961 1464 983 ac
1493 949 1534 982 de
1562 947 1667 982 verbo
1696 947 1734 981 ad
1773 946 1911 980 verbum
1948 947 1988 979 de
2023 949 2079 979 in-

231 1015 318 1049 dulto
356 1014 542 1048 huiusmodi
577 1017 795 1056 mentionem,
834 1018 865 1047 et
907 1012 1050 1059 qualibet
1087 1012 1149 1046 alia
1186 1013 1271 1045 dicte
1306 1011 1394 1045 sedis
1428 1010 1632 1054 indulgentia
1668 1008 1818 1053 generali
1854 1008 1907 1041 vel
1943 1007 2079 1053 speciali

230 1078 467 1121 cuiuscumque
495 1077 620 1109 tenoris
650 1077 784 1119 existat,
813 1085 872 1120 per
901 1085 995 1119 quam
1025 1073 1236 1119 presentibus
1266 1083 1330 1106 non
1360 1081 1557 1118 expressam
1586 1070 1641 1103 vel
1661 1069 1804 1102 totaliter
1823 1079 1889 1101 non
1911 1071 2079 1101 insertam.

230 1135 367 1170 effectus
395 1135 580 1169 huiusmodi
608 1139 724 1169 nostre
751 1137 857 1179 gratie
885 1134 1035 1180 impediri
1065 1134 1175 1168 valeat
1204 1132 1447 1179 quomodolibet
1475 1131 1529 1165 vel
1559 1130 1694 1171 differri,
1724 1133 1755 1162 et
1785 1129 1824 1162 de
1849 1139 1912 1172 qua
1942 1130 2080 1173 eiusque

229 1201 298 1231 toto
328 1201 444 1230 tenore
472 1195 624 1229 habenda
653 1198 693 1230 sit
722 1198 753 1229 in
782 1197 903 1229 nostris
933 1195 1034 1228 literis
1073 1198 1194 1228 mentio
1232 1194 1397 1240 specialis.
1455 1193 1521 1226 Aut
1559 1194 1585 1225 si
1622 1200 1763 1236 presens
1798 1200 1864 1223 non
1901 1188 2004 1222 fueris
2040 1188 2079 1221 ad

231 1257 444 1303 prestandum
473 1256 513 1290 de
542 1256 764 1290 observandis
801 1258 929 1290 statutis
967 1260 999 1289 et
1034 1255 1328 1289 consuetudinibus
1365 1256 1467 1299 ipsius
1503 1252 1649 1285 ecclesie
1685 1251 1813 1284 solitum
1851 1252 2080 1282 iuramentum.

230 1317 405 1352 dummodo
433 1320 465 1351 in
495 1317 645 1351 absentia
674 1321 728 1350 tua
757 1328 816 1363 per
844 1320 1094 1363 procuratorem
1122 1316 1303 1362 ydoneum,
1332 1319 1364 1348 et
1393 1325 1464 1348 cum
1487 1313 1525 1347 ad
1548 1313 1725 1345 ecclesiam
1756 1313 1857 1355 ipsam
1883 1311 2079 1342 accesseris.

230 1379 449 1424 corporaliter
477 1377 552 1411 illud
582 1381 726 1424 prestes.
757 1377 826 1411 Seu
855 1376 939 1423 quod
970 1376 1166 1411 beneficium
1196 1377 1464 1410 ecclesiasticum
1493 1376 1565 1408 sine
1595 1384 1675 1406 cura
1704 1375 1861 1417 spectans
1898 1370 1936 1403 ad
1973 1369 2082 1403 colla-

230 1442 352 1472 tionem
382 1439 435 1472 vel
464 1440 689 1484 provisionem
719 1437 922 1471 venerabilis
951 1436 1063 1471 fratris
1094 1440 1198 1472 nostri
1228 1465 1235 1472 .
1267 1464 1274 1471 .
1303 1436 1463 1482 Episcopi
1484 1434 1678 1469 Olomucen.
1700 1435 1892 1466 auctoritate
1913 1431 2081 1463 literarum

232 1503 419 1533 nostrarum
448 1502 478 1532 in
509 1510 548 1532 ea
578 1498 680 1532 forma
710 1498 890 1532 secundum
920 1509 1015 1544 quam
1044 1509 1104 1544 pro
1133 1497 1333 1544 pauperibus
1362 1497 1494 1530 clericis
1523 1493 1761 1530 beneficiendis
1788 1492 1863 1525 olim
1885 1493 2081 1536 scripsimus

231 1570 482 1601 concessarum,
520 1563 551 1592 te
587 1561 711 1592 asseris
750 1562 943 1604 expectare.
982 1557 1144 1592 Volumus
1179 1563 1288 1592 autem
1328 1558 1414 1602 quod
1452 1559 1689 1603 quamprimum
1722 1556 1842 1598 vigore
1878 1553 2081 1597 presentium

232 1619 453 1665 predictorum
481 1619 702 1653 Canonicatus
732 1624 763 1652 et
791 1619 960 1665 prebende
988 1622 1238 1665 possessionem
1259 1618 1430 1666 pacificam
1459 1617 1562 1651 fueris
1592 1619 1779 1650 assecutus.
1809 1612 1958 1659 predicte
1987 1612 2082 1645 litere

233 1691 292 1725 per
320 1691 402 1726 quas
432 1680 615 1714 huiusmodi
643 1679 842 1713 beneficium
871 1684 1034 1725 expectas
1063 1685 1095 1713 et
1123 1691 1304 1726 processus
1334 1679 1434 1713 habiti
1462 1689 1523 1724 per
1552 1676 1686 1710 easdem
1717 1678 1748 1708 et
1777 1683 1985 1718 quecumque
2006 1671 2082 1704 inde

233 1745 347 1774 secuta
376 1751 421 1774 ex
449 1752 535 1774 nunc
565 1746 659 1787 prout
689 1743 787 1774 etiam
816 1745 849 1774 tu
879 1741 1024 1782 voluisti7
1053 1743 1117 1774 sint
1144 1752 1242 1775 cassa
1262 1745 1295 1774 et
1314 1743 1417 1781 irrita,
1439 1743 1472 1773 et
1491 1738 1611 1772 nullius
1630 1746 1765 1782 prorsus
1786 1736 1933 1767 existant
1952 1731 2081 1765 roboris

234 1802 286 1835 vel
316 1805 480 1835 momenti.
511 1801 595 1835 Nulli
634 1812 714 1846 ergo
753 1803 813 1835 (rc.
849 1806 964 1835 nostre
998 1804 1252 1845 reservationis,
1287 1800 1501 1842 inhibitionis,
1539 1798 1793 1837 constitutionis„
1831 1799 1864 1827 et
1900 1794 2079 1827 voluntatis

232 1861 415 1907 infringere
444 1864 504 1895 &c
537 1862 654 1895 Datum
684 1864 853 1895 Avinione
881 1861 912 1896 ΙΙ
940 1861 1107 1896 Kalendas
1137 1861 1311 1896 Februarii
1341 1862 1441 1895 Anno
1470 1860 1621 1893 Decimo.

388 1922 424 1956 In
455 1923 570 1955 eodem
601 1922 707 1956 modo.
738 1922 824 1956 Ven.
854 1921 960 1956 Fratri
990 1950 996 1956 .
1029 1951 1036 1956 .
1066 1923 1234 1970 Episcopo
1263 1921 1452 1959 Lubricen.„
1474 1920 1611 1954 Dilectis
1640 1917 1712 1951 filiis
1741 1944 1746 1950 .
1779 1944 1784 1948 .
1816 1915 1964 1949 Sacriste
1984 1916 2078 1947 Avi-

232 1987 366 2018 nionen.
397 1995 435 2017 ac
468 1983 578 2016 Blasio
608 1982 728 2016 Cosme
757 1982 925 2017 Canonico
954 1982 1180 2030 Vesprunien.
1221 1982 1436 2017 ecclesiarum
1477 1980 1622 2014 Salutem
1661 1980 1721 2011 (bc.
1764 1975 1841 2009 Vite
1878 1986 1915 2007 ac
1952 1984 2077 2007 morum

233 2055 336 2089 usque
366 2044 419 2078 vel
448 2047 613 2077 momenti.
644 2042 807 2084 Quocirca
837 2044 1030 2078 mandamus
1059 2047 1211 2089 quatinus
1239 2054 1303 2078 vos
1340 2044 1394 2077 vel
1432 2042 1495 2075 duo
1531 2045 1584 2074 aut
1618 2049 1702 2072 nnus
1736 2042 1884 2071 vestrum
1923 2046 1980 2080 per
2014 2044 2077 2067 vos

234 2105 286 2138 vel
316 2105 412 2138 alium
442 2115 501 2137 scu
531 2104 612 2137 alios
643 2103 877 2137 Canonicatum
908 2109 939 2138 et
966 2104 1168 2150 prebendam
1207 2103 1384 2150 predictos,
1424 2113 1482 2147 per
1519 2111 1578 2134 nos
1614 2104 1646 2133 ut
1680 2099 1877 2144 premittitur
1915 2098 2076 2128 reservat.

234 2177 308 2199 cum
337 2165 408 2199 illos
436 2175 560 2199 vacare
589 2165 768 2208 contigerit
795 2169 828 2198 ut
858 2165 1033 2210 prefertur,
1063 2165 1169 2199 eidem
1198 2165 1297 2199 Petro
1325 2165 1523 2197 auctoritate
1542 2165 1654 2194 nostra
1675 2158 1830 2192 conferre
1851 2160 1881 2189 et
1902 2158 2077 2199 assignare

234 2229 357 2260 curetis
387 2226 581 2259 inducentes
612 2236 684 2259 eum
724 2225 779 2258 vel
814 2231 1064 2270 procuratorem
1102 2237 1197 2260 suum
1235 2229 1305 2260 eius
1342 2226 1475 2258 nomine
1511 2225 1544 2255 in
1582 2219 1788 2266 corporalem
1824 2218 2075 2263 possessiouem

235 2287 458 2321 Canonicatus
488 2291 520 2320 et
549 2286 716 2332 prebende
745 2297 784 2319 ac
814 2288 930 2319 iurium
959 2292 991 2320 et
1019 2290 1292 2333 pertinentiarum
1321 2285 1540 2331 predictorum
1577 2285 1609 2315 et
1645 2278 1862 2313 defendentes
1900 2276 2076 2310 inductum.

234 2359 273 2380 ac
303 2347 466 2381 facientes
495 2358 568 2381 eum
599 2347 651 2380 vel
681 2347 802 2380 dictum
832 2352 1080 2392 procuratorem
1110 2358 1168 2393 pro
1197 2358 1238 2381 eo
1268 2346 1308 2380 ad
1337 2344 1476 2378 eandem
1506 2341 1708 2388 prebendam
1744 2341 1777 2372 in
1810 2338 1895 2371 dicta
1931 2336 2077 2369 ecclesia

235 2407 487 2441 XVratislavien.
517 2410 548 2440 in
578 2406 780 2441 Canonicum
810 2409 912 2452 recipi
943 2411 973 2440 et
1001 2410 1033 2441 in
1062 2407 1198 2442 fratrem
1236 2406 1332 2441 stallo
1368 2404 1429 2439 sibi
1464 2407 1497 2437 in
1529 2402 1643 2444 chorQ
1679 2404 1712 2434 et
1753 2400 1825 2432 loco
1861 2400 1892 2430 in
1928 2395 2077 2441 Capitulo

235 2470 337 2513 ipsius
365 2467 522 2502 Ecclesie
551 2479 625 2502 cum
655 2467 856 2514 plenitudiue
885 2470 964 2502 iuris
1002 2470 1166 2511 canonici,
1203 2468 1395 2512 assignatiS‚
1433 2463 1562 2509 sibique
1598 2462 1638 2495 de
1673 2463 1819 2507 ipsorum
1855 2457 2077 2490 Canonicatus

235 2532 266 2561 et
303 2527 470 2573 prebende
507 2527 678 2562 fructibus.
723 2528 913 2562 redditibus.
959 2527 1188 2574 proventibus,
1227 2526 1352 2561 iuribus
1389 2530 1420 2558 et
1456 2520 1708 2558 obventionibus
1744 2521 1909 2552 universis
1948 2520 2077 2561 integre
