2206 2735
1125 55 1171 88 87

1105 170 1209 205 119.

392 234 543 287 Johann
574 252 744 296 ssurggraf
769 263 808 285 zu
838 250 1015 296 Ntirnberg
1042 250 1222 293 bekennet,
1253 251 1330 284 dass
1359 260 1396 283 er
1425 261 1577 294 zugegen
1608 262 1688 284 war.
1721 251 1768 284 als
1797 249 1953 284 Heinrich
1983 249 2072 283 licr-

229 325 293 358 zog
321 325 360 347 zu
389 314 490 347 .lauer
517 324 583 346 von
612 312 731 346 Kaiser
759 311 900 356 Ludwig
928 311 1000 344 dem
1031 310 1130 345 Baier
1157 314 1190 345 in
1218 309 1399 344 Frankfurt
1427 310 1560 344 belehnt
1588 311 1715 344 wurdc.
1756 311 1808 344 Dt.
1840 322 1879 344 zu
1909 309 1984 344 Pirn
2014 311 2072 343 dcs

230 379 372 418 negsten
402 372 558 417 Montags
586 372 670 406 nach
700 383 802 406 vuser
830 372 1031 416 Frauentag,
1061 371 1109 405 als
1137 374 1186 405 sie
1213 370 1361 416 geboren
1391 375 1477 404 wart
1513 370 1542 403 d.
1573 373 1593 405 i.
1637 371 1692 404 12.
1729 371 1926 416 September
1962 371 2071 405 1:351.

537 451 737 486 (Abgedruckt
761 451 789 476 in
813 448 917 476 Felzl's
942 450 1013 475 Karl
1037 449 1073 475 lv
1112 449 1345 476 Urkundenbuch
1370 458 1432 474 zum
1457 450 1480 475 1.
1505 449 1549 475 Th
1583 459 1609 483 p.
1640 446 1722 487 17³.)

1106 595 1209 630 120.

229 673 415 718 Mat-hyras
435 673 571 707 Jolzann
599 673 784 718 bestdtiyet
811 673 872 706 der
900 673 1005 707 Staslc
1035 673 1204 707 Gewitsek
1232 675 1286 706 εἰη
1318 673 1533 718 Ρι·ῖνὶ[εῃίαιη
1564 674 1606 706 Κ.
1639 673 1789 706 (Ιίιιή-ανε
1816 684 1885 706 rom
1907 673 1939 706 J.
1967 673 2071 706 12:55.

806 732 888 767 Dat.
918 733 1037 767 Britan
1068 733 1125 767 17.
1156 733 1359 778 September
1390 733 1498 767 1351.

390 796 583 850 «lohannes
620 815 672 848 dei
707 818 822 859 gracia
855 814 1007 849 Marehio
1040 814 1202 849 Morauie.
1260 815 1525 850 Notuml'acimus
1561 818 1726 849 vniucrsis
1764 815 1849 862 quod
1888 827 1947 861 pro
1985 821 2074 862 pau-tc

228 876 422 910 dilectorum
451 875 546 910 nobis
574 875 713 912 Judieis.
743 875 931 909 Juratorum
961 880 992 909 et
1019 875 1256 910 Vniuersitatis
1285 876 1434 910 Ciuitatis
1454 879 1486 910 in
1507 875 1689 910 Gewiczka
1718 876 1860 909 fidelium
1887 881 2073 910 nostrorum

229 947 334 982 nuper
370 936 556 970 celsitudini
594 940 708 970 nostre
748 935 857 969 oblata
893 936 1097 982 supplicacio
1141 936 1327 970 continebat
1371 936 1540 978 Quatenus
1583 939 1662 981 ipsis
1705 936 1927 981 priuilegiales
1965 937 2075 970 literas

229 997 386 1043 quasdam
416 996 504 1030 clare
532 999 692 1030 momorie
721 995 859 1030 Illustris
887 996 1055 1029 Przieniisl
1084 999 1138 1042 qui
1175 1001 1208 1030 et
1245 996 1403 1031 Otliakari
1441 997 1607 1042 quondam
1643 996 1777 1030 ssoeniie
1813 996 1915 1041 Regis
1951 997 2077 1043 prcdc-

228 1059 375 1092 cessoris
404 1059 507 1091 nostri
536 1056 732 1102 approbare,
763 1056 927 1090 ratilicare
955 1060 987 1089 et
1015 1055 1211 1090 confirmare
1240 1058 1280 1091 de
1308 1058 1402 1091 solita
1436 1057 1640 1102 benignitate
1677 1056 1898 1101 dignaremun
1939 1068 2075 1102 quarum

227 1123 324 1152 tenor
352 1120 501 1163 sequitur
528 1120 559 1150 in
589 1117 651 1150 hec
680 1116 782 1150 verba
815 1144 821 1150 .
853 1144 859 1150 .
892 1144 898 1150 .
930 1144 936 1150 .
968 1116 1070 1162 (Vide
1099 1116 1180 1151 Cod.
1210 1117 1342 1163 diplom.
1374 1118 1416 1151 A.
1448 1116 1583 1151 Boczek
1613 1116 1694 1150 Toni
1733 1115 1775 1159 V,
1805 1128 1836 1162 p.
1875 1117 1960 1152 243.
1992 1120 2076 1150 inter

229 1178 465 1224 Supplementa
503 1189 535 1211 n.
576 1176 721 1222 XXIX.)
762 1176 830 1211 Nos
865 1180 965 1222 igitur
1007 1177 1046 1211 ad
1089 1177 1353 1223 supradictorum
1387 1177 1512 1211 Judicis
1549 1176 1738 1210 Juratoruin
1779 1182 1811 1211 et
1849 1180 2075 1211 vniuersitatis

228 1242 348 1272 ciuium
376 1241 408 1272 in
439 1237 623 1272 Gewiczka
653 1238 910 1284 supplicacionis
939 1241 1134 1272 instanciam
1163 1240 1339 1283 presertim
1368 1249 1441 1270 cum
1471 1240 1555 1271 iuste
1584 1236 1770 1283 petentibus
1798 1248 1864 1270 non
1889 1240 1931 1270 sit
1951 1249 2075 1271 asseu-

228 1310 283 1334 sus
312 1299 540 1344 denegandus.
571 1299 657 1345 Ipsis
686 1298 865 1332 heredibus
894 1303 927 1332 et
955 1298 1207 1332 successoribus
1239 1309 1351 1332 eorum
1381 1302 1413 1331 et
1442 1297 1550 1331 eidem
1580 1296 1711 1331 Ciuitati
1732 1300 1973 1345 imperpetuum
1995 1309 2076 1343 pre-

228 1359 312 1394 fatas
341 1360 453 1393 literas
481 1359 706 1406 priuilegiales
735 1361 767 1392 in
796 1358 947 1393 omnibus
977 1362 1046 1409 suis
1075 1362 1256 1394 sentenciis
1285 1358 1436 1404 capitulis
1470 1361 1599 1404 punctis
1635 1363 1668 1391 et
1701 1357 1857 1391 clausulis
1895 1357 1935 1390 de
1974 1357 2076 1391 verbo

228 1420 267 1454 ad
298 1420 436 1454 verbum
467 1425 562 1466 prout
591 1423 743 1466 superius
771 1422 804 1453 in
833 1420 985 1464 originali
1014 1422 1174 1466 scriptura
1204 1418 1323 1465 prefati
1359 1422 1449 1464 regis
1478 1418 1638 1452 Othakari
1674 1421 1912 1464 exprimuntuu
1949 1429 2075 1463 appro-

228 1481 354 1523 bamus,
391 1480 592 1515 ratificamus
627 1481 667 1515 de
703 1485 795 1514 certa
830 1485 945 1515 nostra
982 1483 1128 1514 sciencia
1163 1480 1204 1513 de
1240 1484 1353 1514 nostre
1387 1482 1558 1525 potestatis
1592 1479 1793 1525 plenitudine
1830 1478 2073 1512 confirmamus.

226 1541 419 1576 Inhibentes
450 1544 615 1575 vniuersis
640 1545 673 1575 et
701 1541 839 1585 singulis
877 1544 1084 1584 camerariis„
1122 1540 1391 1582 subcamerariis‚
1429 1539 1610 1574 judicibus.
1646 1539 1844 1583 Justiciarijs
1881 1538 2075 1572 officialibus

230 1602 500 1636 uiceofficialibus
529 1606 562 1635 et
589 1604 724 1643 ceteris,
754 1604 807 1648 qui
837 1612 897 1646 pro
927 1606 1002 1635 tunc
1032 1601 1153 1635 fuerint
1181 1601 1330 1635 fidelibus
1360 1603 1493 1643 nostris5
1524 1612 1566 1634 ne
1594 1600 1740 1646 prefatos
1765 1599 1911 1643 judicem
1941 1598 2075 1634 Juratos

229 1667 262 1696 et
288 1662 545 1696 Vniuersnatem
576 1665 696 1697 ciuium
724 1665 756 1695 in
786 1661 970 1696 Gewiczka
1008 1661 1150 1696 heredes
1187 1666 1220 1695 et
1255 1672 1473 1695 successores
1509 1665 1541 1694 et
1574 1665 1728 1706 posteros
1762 1662 1909 1706 ipsorum
1945 1662 2073 1704 imper—

230 1727 363 1769 petuum
392 1723 430 1756 ad
460 1735 538 1757 usus
567 1725 733 1769 presentis
761 1726 873 1756 nostre
902 1721 1157 1768 approbacionis
1185 1721 1419 1755 ratificacionis
1447 1724 1479 1754 et
1514 1720 1782 1754 confirmacionis
1815 1719 1971 1752 indultum
2010 1722 2074 1751 im·-

229 1783 362 1828 pediant
389 1788 443 1816 aut
472 1786 581 1817 sinant
608 1782 773 1827 quoslibet
800 1782 961 1827 impedire
989 1781 1048 1816 sub
1077 1793 1162 1828 pena
1189 1786 1305 1816 nostre
1328 1781 1570 1826 indignacionis
1591 1768 1687 1825 quam
1709 1782 1737 1814 si
1757 1790 1857 1813 secus
1879 1783 2073 1824 attemptare

228 1845 479 1889 presumpserit.
507 1854 545 1877 se
573 1846 758 1887 cognoscat
784 1845 933 1886 grauiter
960 1845 1135 1876 incurisse.
1165 1842 1377 1876 Presencium
1398 1840 1458 1875 sub
1479 1845 1593 1874 nostre
1613 1839 1816 1874 celsitudinis
1838 1839 1945 1883 sigillo
1974 1842 2070 1872 testi-

228 1907 337 1938 monio
367 1904 543 1937 literarum.
573 1903 690 1936 Datum
721 1902 831 1936 Brune
859 1901 982 1936 Sabato
1011 1907 1084 1948 post
1113 1902 1198 1936 diem
1226 1902 1452 1936 Exaltacionis
1480 1905 1598 1935 sancte
1626 1902 1737 1934 crucis
1764 1902 1928 1946 proxima.
1970 1900 2069 1932 Anno

228 1964 350 1998 domini
377 1962 553 1998 Millesimo
581 1962 833 1996 Trecentesimo
864 1961 1145 2009 Quinquagesimo
1174 1965 1289 2009 primo.

535 2040 608 2076 (Aus
631 2041 696 2066 dem
720 2039 799 2074 orig.
823 2041 860 2066 im
885 2041 1010 2067 Arehive
1034 2042 1085 2067 der
1109 2041 1193 2067 stadt
1217 2040 1362 2067 Gewitseh
1386 2039 1561 2074 mitgetheilt
1584 2048 1639 2065 von
1662 2038 1743 2066 Prof.
1767 2038 1801 2063 A.
1827 2028 1989 2071 SemhtJra.)

1104 2187 1204 2222 121.

230 2266 304 2299 Das
331 2265 473 2299 Kloster
503 2265 662 2299 oslawcm
690 2264 833 2308 erklctrt,
863 2265 943 2299 dass
971 2277 1008 2299 es
1035 2266 1107 2299 dem
1128 2265 1262 2309 Praqer
1289 2263 1438 2308 bischosl.
1463 2262 1643 2307 Offz'cz'alen
1665 2260 1828 2295 Heinrich
1849 2260 1918 2293 alle
1940 2260 2066 2293 lsosten

228 2329 384 2359 ersetz-en
412 2325 520 2367 molle,
550 2326 604 2359 die
633 2325 696 2359 ihm
724 2337 787 2358 aus
815 2326 887 2359 dem
915 2326 1083 2360 Prozesse
1112 2325 1299 2367 entstelzem
1336 2323 1484 2357 zcelclzen
1516 2334 1555 2356 er
1581 2325 1615 2356 in
1649 2322 1781 2356 Numen
1815 2321 1872 2354 des
1911 2320 2067 2353 Klosters

254 2386 429 2431 besem-liele
458 2387 515 2419 des
543 2386 853 2431 Psarrpatronates
880 2387 914 2419 in
943 2386 1114 2420 Zbraslau
1139 2385 1263 2429 falaren
1290 2384 1365 2418 soll.
1406 2383 1464 2417 Dt.
1497 2383 1656 2417 Oslawan
1684 2382 1717 2416 2.
1750 2381 1899 2415 Oktober
1933 2379 2039 2413 1351.

383 2448 427 2502 'n
458 2467 597 2501 Nomine
633 2468 754 2501 domini
790 2468 910 2501 Amen.
959 2467 1121 2502 Nouerint
1156 2477 1272 2501 omnes
1308 2470 1340 2499 et
1374 2466 1494 2510 singuli
1528 2468 1703 2511 presentes
1737 2464 1849 2498 literas
1887 2464 2065 2507 inspecturi

232 2528 325 2568 Quod
354 2539 414 2562 nos
442 2527 613 2561 Elizabeth
642 2527 822 2562 Abbatissa
852 2527 1027 2572 Hedwigis
1055 2531 1212 2573 priorissa
1241 2526 1414 2560 Elizaheth
1443 2525 1665 2571 subpriorissa
1693 2528 1846 2568 totusque
1875 2522 2065 2555 Conuentus
