2206 2735
1052 32 1116 66 ΗΝ

157 150 244 185 nicht
274 161 314 183 nn
345 150 447 182 keren
478 148 527 181 als
558 146 620 180 lieb
652 150 681 180 iu
714 157 816 180 vnser
845 145 920 180 huld
959 148 1008 179 sei
1043 145 1107 178 vnd
1145 144 1203 178 dar
1232 155 1271 177 :m
1313 155 1416 178 vnser
1445 143 1601 189 vngeuad
1636 143 1702 178 vud
1731 154 1856 178 vnseru
1885 153 2008 177 czoreu

157 211 231 245 nich
263 209 458 246 voi-dienen,
495 219 594 241 wann
632 211 695 240 wir
731 207 790 241 des
828 207 894 240 wol
931 205 1139 239 vuderweist
1174 207 1257 246 sein,
1294 203 1353 238 das
1391 203 1451 237 daz
1479 209 1580 251 gepot
1612 215 1676 238 vns
1709 203 1776 238 vnd
1806 214 1909 237 vnscr
1937 202 2010 237 Stut

159 271 262 305 Einen
302 272 437 313 ewigen
477 279 560 301 nuez
600 271 729 314 pringet
766 266 830 301 vnd
861 266 922 299 dez
952 278 990 299 zu
1021 268 1114 299 einer
1143 264 1357 310 bestetigung
1393 267 1435 299 ist
1463 268 1557 300 vnsir
1586 264 1698 310 lusigil
1727 276 1768 298 an
1798 264 1891 298 disen
1921 262 2015 298 Bries

157 331 351 380 geliangen.
384 328 499 362 (leben
530 340 568 362 zu
601 328 734 362 Brunne
763 326 849 361 nach
878 326 1028 360 Chi-isles
1057 330 1176 372 gepurt
1206 326 1288 359 vber
1316 324 1698 370 dreuczenhuudertjar
1718 324 1864 359 darnach
1885 327 1916 358 in
1937 323 2010 358 dein

158 393 224 425 drei
257 389 322 424 vnd
354 389 587 433 l'nnsczgistem
614 390 667 432 jar
703 388 762 421 des
792 387 910 421 achten
941 391 1035 431 tages
1065 386 1148 420 nach
1179 385 1312 420 Ostorii.
1779 387 1782 390 ”

470 469 541 502 (Axis
568 468 630 492 dein
657 466 752 491 ('o‹lex
780 465 828 492 ΝΥ,
856 466 892 490 31
921 464 968 492 fol.
996 466 1070 501 53lli
1095 466 1144 490 des
1172 466 1302 491 ltriinner
1326 464 1568 499 ‘o'tudtarcbivesd

1034 611 1144 646 ‘zo-1.

266 692 338 726 Das
371 690 588 734 Dotiilmpitel
617 701 678 723 rou
711 689 842 722 Olim'ltz
871 689 1038 732 ‹lispouirt
1070 688 1151 722 iiber
1180 690 1278 721 einen
1300 688 1500 731 jz‘ilirlt'rlaen
1531 687 1614 721 Ze'ns
1649 688 1745 720 einer
1776 686 1909 721 Mautla.

812 750 867 783 Dr.
900 750 1032 783 Olmit'lz
1064 749 1095 782 1.
1128 749 1232 793 April
1261 749 1370 782 1353.

317 829 407 882 Ros
437 847 545 880 diuina
576 847 790 893 prouidencia
821 845 979 879 Albertus
1008 844 1168 881 decanus„
1199 844 1372 878 Johannes
1402 847 1592 891 prepositus
1613 849 1646 877 et
1665 843 1844 889 capitulum
1875 841 2017 875 ecclesie

162 910 396 943 Olouiucensis
426 911 594 942 vniuersis
625 909 838 953 presencium
869 911 1019 939 tenorem
1050 904 1298 950 inspectoriluis
1327 908 1478 951 cupimus
1508 905 1580 938 foi-e
1608 908 1740 946 notum,
1774 902 1860 949 quod
1889 914 1950 936 nos
1978 901 2018 935 ab

163 969 408 1004 honorabilibus
439 971 519 1002 viris
548 968 689 1001 dominis
719 966 886 1001 Miculone
915 970 944 998 et
975 965 1244 1011 WVoyczechone
1273 968 1444 1000 canonicis
1482 966 1567 1000 dicte
1605 965 1749 999 ecclesie
1786 963 2018 998 Olomucensis

165 1043 266 1078 super
294 1030 391 1064 domo
421 1029 496 1063 dicti
527 1029 648 1062 domini
679 1027 904 1075 Woyczechii
935 1029 1019 1060 inter
1050 1026 1165 1059 domos
1186 1025 1430 1060 honorabilium
1451 1029 1597 1060 virorum
1618 1026 1836 1067 dominorunu
1866 1023 2021 1058 videlicet

163 1095 266 1138 ipsius
294 1090 486 1137 Myculonis
516 1095 548 1123 et
578 1090 747 1135 Ortwynii
776 1088 894 1121 decani
924 1087 1070 1122 ecclesie
1100 1086 1353 1121 Cremsiriensis
1384 1089 1445 1121 sita
1475 1099 1535 1133 pro
1564 1087 1669 1121 salute
1690 1091 1721 1120 et
1741 1085 1887 1120 remedio
1913 1087 2022 1118 anime

165 1153 286 1186 domini
315 1150 487 1185 Michaelis
517 1151 606 1196 olym
636 1152 752 1183 vicarii
783 1149 913 1195 prel'ate
942 1148 1088 1182 ecclesie
1118 1148 1352 1181 Oloniurensis
1390 1150 1526 1181 emimus
1555 1152 1589 1181 et
1617 1149 1886 1193 compen-animus
1925 1155 2021 1178 Vnam

166 1224 311 1247 marcam
340 1214 490 1259 perpetui
521 1214 591 1245 veri
618 1222 741 1244 census
771 1213 869 1244 annui
899 1211 1058 1243 morauici
1087 1208 1244 1254 ponderis
1274 1212 1306 1241 et
1334 1211 1473 1251 numeri,
1503 1210 1680 1253 sexaginta
1710 1211 1849 1253 quatuor
1876 1215 2022 1250 grosso-

166 1285 236 1308 rum
265 1284 325 1319 pro
354 1276 426 1319 ipsa
458 1284 570 1305 marca
601 1273 811 1317 computatis7
843 1271 982 1315 singulis
1012 1272 1107 1303 annis
1137 1269 1273 1311 suturis„
1310 1271 1481 1314 perpetuis
1511 1267 1727 1314 temporibus,
1764 1270 1795 1301 in
1833 1267 1886 1300 die
1922 1268 2021 1300 anni—

167 1336 308 1368 uersarii
337 1336 400 1376 sui,
430 1336 485 1378 qui
514 1336 563 1366 est
593 1336 667 1377 post
696 1331 813 1365 festum
844 1330 945 1364 Lucie
974 1330 1027 1364 die
1056 1330 1159 1364 altera
1189 1334 1243 1363 aut
1273 1332 1393 1371 tei-eia,
1429 1329 1570 1363 dandum
1600 1334 1633 1362 et
1661 1327 1917 1375 persoluendam
1946 1337 2023 1360 om-

166 1395 262 1428 nibus
292 1393 510 1427 dilacionibus
541 1397 573 1426 et
601 1392 863 1438 quibuscumque
892 1391 963 1425 aliis
993 1390 1235 1437 impedimentis
1274 1393 1469 1436 postpositis
1507 1395 1541 1424 et
1577 1389 1664 1424 illam
1695 1388 1954 1424 distribuendam
1983 1398 2023 1421 eo

168 1455 276 1497 mode,
307 1458 393 1488 sicut
423 1455 502 1487 alias
532 1454 601 1487 lieri
631 1456 662 1486 in
693 1456 761 1499 ipsa
792 1452 1007 1486 Olomucensi
1037 1451 1183 1485 ecclesia
1213 1451 1252 1484 de
1283 1462 1348 1484 vna
1379 1462 1488 1485 marca
1529 1453 1707 1496 antiquitus
1736 1455 1789 1484 est
1817 1452 2020 1484 consuetum.

169 1515 393 1549 Promiserunt
426 1519 533 1548 tamen
564 1519 593 1547 et
623 1513 832 1560 presentibus
862 1517 1054 1559 promittunt
1083 1512 1160 1545 dicti
1190 1511 1310 1545 domini
1332 1511 1431 1545 Micul
1452 1515 1485 1545 et
1505 1511 1692 1545 Woiczech
1712 1513 1764 1556 qui
1785 1513 2022 1556 quamprimum

169 1587 307 1609 censum
345 1576 441 1609 alium
477 1575 605 1609 scilicet
639 1577 737 1608 vnius
774 1586 887 1608 marce
922 1577 953 1607 in
991 1578 1077 1607 terra
1116 1576 1266 1606 inuenire
1304 1572 1478 1606 commode
1515 1576 1667 1618 poterunt
1703 1571 1847 1605 ecclesie
1884 1570 2025 1604 Olomu—

171 1639 263 1670 censi
293 1636 463 1682 sepedicte
493 1638 597 1680 magis
627 1641 736 1681 aptum
767 1640 797 1668 et
829 1639 956 1668 certum
992 1639 1023 1668 et
1060 1638 1090 1667 in
1126 1634 1219 1667 loco.
1256 1637 1286 1666 in
1323 1644 1386 1679 quo
1421 1633 1560 1666 dominis
1597 1632 1637 1666 de
1674 1632 1816 1678 capitulo
1854 1632 2022 1677 placuerit,

171 1696 257 1743 quod
286 1701 410 1730 extunc
440 1708 544 1729 censu
575 1696 711 1730 dimisso
742 1707 843 1741 super
872 1695 968 1729 domo
998 1698 1192 1740 comparato
1228 1699 1261 1727 et
1304 1699 1413 1740 empto
1456 1694 1496 1727 de
1539 1698 1654 1726 cetero
1697 1696 1728 1726 iu
1765 1697 1862 1726 antea
1905 1695 2024 1738 ipsum,

172 1768 269 1803 quem
298 1759 327 1790 in
359 1760 447 1789 terra
477 1759 744 1802 cemparauerint
773 1767 833 1790 seu
863 1759 1014 1799 emerint,
1045 1766 1182 1789 censum
1215 1755 1266 1788 vcl
1297 1755 1378 1788 alias
1408 1766 1481 1788 euni
1511 1757 1542 1787 in
1572 1754 1645 1788 loco
1682 1758 1775 1787 certo
1813 1753 2024 1787 demonstra-

173 1820 293 1852 uerint.
325 1817 471 1850 ecclesie
501 1816 715 1850 Olomucensi
746 1820 927 1850 memorate
963 1818 994 1849 in
1033 1818 1262 1849 anniuersario
1300 1815 1471 1849 michaelis
1509 1819 1585 1848 sunt
1622 1814 1725 1848 daturi
1762 1818 1933 1860 perpetue.
1988 1811 2023 1846 In

174 1881 266 1912 cuius
296 1881 342 1911 rei
375 1880 595 1911 testimonium
627 1882 805 1923 presentes
835 1876 933 1911 scribi
963 1880 1119 1911 iussimus
1149 1879 1251 1909 nostri
1282 1876 1417 1922 capituli
1447 1878 1563 1909 minori
1593 1875 1700 1919 sigillo
1729 1886 1791 1908 nee
1820 1885 1884 1908 non
1915 1873 2024 1907 domi-

174 1950 290 1973 norum
322 1938 498 1972 Miculonis
528 1943 558 1970 et
588 1937 788 1984 Woyczech
818 1937 1040 1983 predictorum
1070 1937 1253 1982 sigillorum
1284 1939 1461 1970 munimine
1492 1936 1675 1970 roboratas.
1721 1935 1838 1969 Datum
1875 1934 2025 1968 olomucz

175 2011 261 2033 anno
292 1999 422 2032 Domini
452 1998 595 2031 MUCCU'
623 1999 907 2043 Quinquagesimo
937 2001 1052 2041 tercio,
1083 1998 1135 2031 die
1164 2000 1268 2044 primu
1299 2000 1422 2031 mensis
1451 1998 1587 2043 Aprilis.

486 2077 522 2111 (1ss
548 2078 645 2102 codice
671 2077 855 2103 membraneo
881 2078 904 2104 1.
930 2077 978 2104 fol.
1006 2078 1042 2102 61
1070 2077 1097 2101 ln
1122 2077 1228 2103 archiv,
1256 2077 1341 2110 capit,
1369 2073 1511 2113 olomuc.)

1054 2222 1162 2258 205.

333 2302 375 2334 Κ.
408 2302 498 2334 Kar!
527 2301 586 2335 [Γ.
619 2300 805 2345 beslatiyet
834 2302 905 2335 dem
936 2301 1100 2344 Be'schofe
1128 2299 1266 2334 Johann
1294 2312 1359 2334 con
1390 2300 1520 2333 Olmillz
1554 2298 1622 2332 alle
1651 2298 1870 2343 Prefvile92·en.

858 2362 916 2396 Dt.
946 2363 1040 2406 Pray
1071 2361 1104 2395 7.
1135 2361 1211 2394 Mai
1239 2360 1349 2394 1353.

334 2429 494 2482 Carolus
524 2448 574 2482 dei
603 2451 709 2493 gratia
739 2448 963 2482 Romanorum
992 2460 1055 2483 rex
1083 2459 1216 2494 semper
1244 2452 1405 2493 augustus
1436 2453 1469 2482 et
1497 2448 1633 2481 Boemie
1661 2459 1734 2490 rex,
1765 2446 1805 2480 ad
1833 2450 2025 2492 perpetuam

180 2511 226 2542 rei
257 2512 460 2543 memoriam.
490 2508 531 2542 Et
560 2511 587 2543 si
615 2511 709 2554 regie
739 2511 922 2554 majestatis
951 2513 1194 2556 circumspecta
1223 2509 1432 2554 benignitas,
1462 2508 1502 2542 de
1531 2510 1642 2542 innata
1671 2510 1803 2554 pietatis
1839 2506 2026 2549 clementia,
