2206 2735
1105 84 1175 118 175

217 195 328 240 quiete
356 205 396 228 ac
423 194 563 241 pacifice
590 196 816 240 resignantes,
846 194 930 241 quod
960 198 994 229 et
1019 194 1159 230 facimus
1189 197 1397 242 presensium
1426 195 1485 231 sub
1515 200 1632 242 vigore
1660 196 1768 232 Nichil
1801 197 1898 234 nobis
1933 200 2064 244 penitus

217 254 350 289 dominii
381 266 420 289 ac
448 255 538 290 Juris
565 257 629 289 nisi
658 257 835 290 tuicionem
865 258 967 302 ipsius
995 256 1094 299 ville,
1123 261 1219 302 prout
1246 255 1363 291 Abbas
1392 261 1423 290 et
1451 255 1644 292 Conuentus
1677 256 1875 293 Monasterii
1908 257 2065 293 antedicti

217 317 249 349 in
285 315 352 350 Zar
388 315 482 350 nobis
522 315 736 361 supplicauit,
776 326 1002 350 reseruamus.
1057 315 1094 350 ln
1123 319 1216 351 cuius
1244 319 1294 351 rei
1325 319 1546 351 testimonium
1574 322 1748 363 presentes
1777 318 1929 354 dedimus
1959 318 2065 364 Sigilli

216 379 320 411 nostri
349 378 526 410 munimine
553 374 737 410 roboratas.
767 376 842 411 Dat.
865 376 1007 411 Tassaw
1027 376 1128 412 Anno
1147 377 1400 412 Incarnacionis
1428 376 1593 411 dominice
1611 376 1789 412 Millesimo
1809 378 2065 414 Trecentesimo

219 435 502 483 Quinquagesimo
530 438 635 470 tercio
664 437 696 470 in
726 437 778 470 die
805 439 912 472 sancti
942 436 1026 471 Galli
1054 437 1276 474 confessoris.

524 513 618 553 (Orig.
643 516 728 550 Perg.
755 515 851 549 Siegel
875 515 1044 550 abgerissen
1067 516 1105 542 im
1129 516 1254 543 Archive
1279 517 1330 543 des
1354 517 1401 544 Kl.
1427 517 1500 543 Saar
1523 517 1581 544 Lit.
1599 516 1634 552 A,
1660 517 1712 544 Nr.
1732 517 1770 543 83
1796 517 1832 542 im
1850 515 2066 556 Laudesarch.)

1092 671 1200 707 229.

218 756 292 789 Der
320 756 483 790 [steriker
515 757 672 800 Thomas,
704 760 856 801 yenamet
894 757 1068 801 Heracus,
1105 757 1247 791 schenkl
1281 758 1343 792 den
1376 758 1636 792 Mansionarien
1671 759 1732 792 der
1768 758 1905 803 Prayer
1939 757 2069 792 Kirche

217 818 304 850 κανεῖ
331 817 470 851 801ιοοῆ
500 817 674 851 Groscken
696 817 893 862 jalerliclzer
922 818 1110 862 Einltlcinste
1146 818 1215 852 und
1246 818 1424 861 bestimmt,
1461 820 1525 852 veie
1553 818 1726 853 dz'eselben
1754 830 1796 853 zu
1824 820 1942 852 seinen
1973 818 2069 852 Leb-

270 880 381 911 zez'len
409 879 476 912 und
500 878 589 912 nack
616 880 743 912 seinem
776 878 867 913 Tode
895 879 1058 912 cerlhee'lt
1086 879 1221 912 werden,
1247 879 1368 913 sollen.
1404 879 1463 913 Dc.
1493 880 1609 924 Praye
1639 878 1698 913 16.
1723 878 1874 913 Oktober
1906 878 2018 913 1353.

374 955 419 1008 ln
448 977 582 1008 nomine
610 974 743 1009 Domini
772 976 892 1009 Amen.
923 974 993 1009 Nos
1023 975 1223 1022 Cztyborius
1252 975 1447 1018 Precentor‚
1477 975 1682 1022 Stephanus,
1712 975 1841 1019 Hanco,
1872 974 2071 1008 Valentinus

219 1039 388 1080 totumque
417 1034 598 1080 Collegium
628 1035 925 1071 Mansionariorum
948 1035 1047 1070 Chori
1068 1036 1172 1069 Beate
1191 1035 1297 1070 Marie
1316 1038 1349 1070 in
1378 1036 1534 1071 Ecclesia
1551 1036 1714 1081 Pragensi
1743 1036 1783 1069 ad
1812 1038 1966 1069 noticiam
1992 1037 2072 1068 uni-

220 1106 391 1130 uersorum
429 1101 494 1130 tam
531 1099 740 1142 presencium
777 1109 872 1143 quam
913 1096 1096 1131 futurorum
1132 1100 1281 1142 cupimus
1315 1100 1505 1143 peruenire,
1542 1097 1627 1143 quod
1657 1097 1729 1130 Deo
1759 1096 1899 1130 deuotus
1928 1095 2072 1130 famulus

219 1155 366 1191 Thomas
396 1156 502 1191 dictus
529 1157 687 1192 Morauus
715 1169 841 1204 pauper
869 1159 1011 1192 clericus
1040 1169 1100 1192 sue
1129 1160 1240 1204 utique
1271 1160 1380 1192 anime
1408 1158 1513 1192 fidelis
1542 1158 1669 1192 zelator
1697 1157 1738 1191 ob
1767 1157 1934 1200 affectum,
1977 1167 2076 1202 quem

221 1228 354 1263 semper
383 1217 423 1251 ad
451 1221 554 1264 ipsam
586 1218 646 1252 Dei
677 1218 881 1253 Genitricem
909 1219 1048 1253 Mariam
1077 1218 1160 1252 ultra
1189 1218 1272 1252 alios
1301 1219 1445 1253 Sanctos
1475 1223 1551 1265 post
1578 1219 1685 1252 Deum
1714 1218 1801 1251 ducit
1821 1222 1852 1250 et
1874 1217 1966 1250 duxit
1987 1228 2073 1262 spe—

220 1278 349 1321 cialem,
387 1289 451 1324 que
479 1281 629 1312 nimirum
660 1279 797 1313 firmiter
824 1282 857 1313 in
887 1290 925 1314 se
954 1283 1128 1326 sperantes
1162 1290 1330 1325 nunquam
1360 1291 1421 1314 suo
1451 1280 1574 1314 auxilio
1603 1279 1673 1314 vult
1706 1289 1782 1313 esse
1810 1277 1992 1324 privandos
2022 1277 2075 1311 hic

222 1343 255 1371 et
283 1341 314 1371 in
343 1338 465 1381 futuro,
497 1338 646 1380 Quedam
676 1345 767 1374 certa
797 1345 828 1373 et
859 1351 939 1374 vera
968 1339 1055 1374 bona
1083 1339 1243 1374 videlieet
1273 1339 1408 1374 duarum
1438 1351 1685 1386 sexagenarum
1705 1339 1851 1373 redditus
1876 1348 2074 1383 grossorum

220 1397 441 1433 Denariorum
472 1399 703 1444 pragensium,
733 1403 910 1445 sexaginta
939 1412 1079 1446 grossos
1107 1411 1168 1447 pro
1197 1400 1345 1445 qualibet
1365 1412 1539 1447 sexagena
1558 1399 1789 1447 computando,
1819 1410 1879 1445 per
1897 1409 1960 1432 nos
1981 1398 2071 1445 olym

221 1471 238 1493 a
268 1459 410 1494 Domino
438 1459 592 1494 Johanne
626 1460 712 1495 dicto
743 1461 896 1507 Wycher
924 1465 957 1495 in
986 1460 1244 1508 Trzebyewlicz
1279 1462 1355 1496 villa
1392 1473 1453 1508 pro
1490 1463 1607 1507 viginti
1637 1463 1818 1505 sexagenis
1848 1459 2074 1505 predictorum

221 1520 432 1554 denariorum
461 1521 622 1565 legittime
651 1527 682 1555 et
712 1525 881 1555 veraciter
909 1526 1064 1568 exempta
1094 1524 1218 1568 pariter
1245 1526 1278 1556 et
1305 1523 1470 1566 exsoluta,
1497 1523 1605 1567 prouti
1633 1524 1665 1554 in
1695 1519 1812 1554 tabulis
1832 1524 1922 1553 terre
1941 1518 2073 1565 plenius

219 1584 441 1623 continentur,
470 1582 639 1617 redimens
669 1587 699 1616 et
729 1583 911 1617 exsolvens
941 1594 980 1617 ea
1009 1594 1027 1616 a
1055 1582 1150 1616 nobis
1178 1586 1211 1616 in
1240 1582 1356 1617 eadem
1386 1593 1512 1617 summa
1540 1584 1766 1628 pecuniarum,
1796 1581 1928 1615 scilicet
1954 1583 2072 1625 viginti

221 1653 480 1691 sexagenarum,
521 1642 617 1678 nobis
652 1648 685 1677 et
721 1643 974 1678 successoribus
1012 1647 1135 1677 nostris
1165 1643 1313 1688 Collegio
1349 1647 1529 1677 memorato
1563 1645 1682 1687 sponte
1717 1646 1750 1674 et
1782 1640 1887 1675 libere
1923 1641 2070 1684 donavit,

224 1703 348 1748 legavit
377 1707 409 1736 et
436 1706 612 1747 commisit,
642 1707 739 1749 atque
769 1709 963 1750 perpetuum
992 1708 1226 1738 testamentum
1255 1709 1329 1750 post
1356 1708 1507 1746 mortem,
1535 1705 1580 1736 uti
1607 1702 1692 1736 infra
1713 1702 1853 1745 dicetur,
1883 1701 1924 1735 de
1945 1701 2071 1736 eisdem

224 1763 319 1797 bonis
349 1763 409 1797 sibi
438 1764 508 1798 fieri
536 1768 740 1810 procuravit.
770 1764 843 1798 Hac
872 1764 1031 1810 siquidem
1061 1768 1267 1810 excepcione
1301 1766 1476 1809 premissa,
1515 1762 1642 1795 scilicet
1676 1761 1762 1807 quod
1798 1764 1895 1796 annis
1933 1762 2073 1806 singulis

224 1828 256 1857 et
284 1835 328 1857 ex
356 1835 444 1858 nunc
471 1836 576 1870 usque
605 1825 645 1858 ad
674 1830 823 1871 tempora
852 1828 920 1859 vite
950 1836 1010 1860 sue
1038 1829 1206 1871 pretactas
1236 1824 1318 1858 duas
1349 1833 1540 1867 sexagenas
1569 1824 1600 1855 in
1630 1824 1779 1856 terminis
1817 1825 1919 1856 certis
1958 1826 2072 1868 utpote

222 1887 254 1917 in
284 1883 399 1918 Sancti
430 1884 566 1929 Georgii
595 1896 694 1919 unam
723 1890 756 1919 et
783 1888 815 1919 in
845 1885 960 1919 Sancti
991 1884 1075 1919 Galli
1103 1885 1198 1918 festis
1227 1884 1374 1919 similiter
1403 1894 1498 1916 unam
1527 1893 1734 1927 sexagenam
1754 1894 1951 1927 grossorum
1981 1882 2070 1916 Pra-

221 1948 374 1989 gensium
404 1944 465 1978 sibi
494 1945 532 1979 ad
563 1946 757 1980 solvendum
788 1950 885 1992 atque
914 1945 1055 1979 dandum
1084 1944 1318 1989 obligaremur.
1348 1944 1526 1988 Postquam
1564 1954 1646 1976 vero
1675 1943 1884 1989 supradictus
1916 1942 2066 1979 Clericus

222 2009 365 2039 vocante
395 2005 466 2039 Deo
495 2009 690 2051 migraverit
718 2007 758 2040 de
785 2006 849 2040 hoc
877 2006 1004 2049 seculo,
1036 2005 1138 2039 voluit
1165 2009 1198 2038 et
1225 2007 1258 2038 in
1286 2008 1481 2050 perpetuum
1501 2002 1676 2038 observari
1697 2007 1833 2050 optavit,
1860 2008 1893 2037 ut
1915 2003 2066 2049 predicte

221 2076 395 2111 sexagene
424 2066 487 2100 due
515 2077 710 2111 grossorum
739 2066 835 2100 modo
864 2071 896 2100 et
923 2065 1028 2100 forma
1059 2066 1254 2111 subscriptis
1283 2063 1510 2098 dividerentur
1538 2091 1546 2098 .
1576 2063 1685 2098 Primo
1714 2075 1867 2110 namque,
1899 2064 1984 2110 quod
2013 2064 2065 2098 bis

220 2129 346 2159 tantum
382 2129 414 2160 in
451 2127 597 2172 quolibet
632 2137 730 2167 anno,
768 2131 844 2172 puta
879 2129 911 2159 in
947 2126 999 2160 die
1028 2127 1281 2171 Assumpcionis
1310 2125 1414 2159 Beate
1443 2136 1577 2171 semper
1608 2124 1756 2170 Virginis
1785 2123 1891 2159 Marie
1931 2127 2064 2170 triginta

221 2197 283 2221 sex
318 2198 456 2231 grossos
490 2191 523 2221 et
558 2191 591 2221 in
625 2187 806 2221 Nativitate
840 2186 988 2231 ejusdem
1018 2185 1166 2231 Virginis
1202 2185 1307 2220 Beate
1342 2186 1491 2220 similiter
1524 2188 1657 2230 triginta
1693 2197 1755 2220 sex
1788 2196 1930 2231 grossos
1969 2184 2065 2219 simul

220 2258 335 2281 omnes
364 2248 510 2291 majores
540 2252 572 2282 et
599 2251 743 2282 minores
771 2247 987 2282 Mansionarii
1016 2251 1049 2280 et
1076 2249 1103 2280 si
1132 2249 1233 2281 misse
1262 2246 1485 2293 predictarum
1511 2245 1723 2281 festivitatum
1753 2250 1787 2280 in
1809 2246 1919 2280 Choro
1949 2256 2063 2280 eorum

220 2318 279 2353 per
308 2318 366 2342 eos
396 2307 603 2343 decantande
630 2308 849 2355 interfuerint7
879 2307 960 2343 alias
990 2312 1112 2341 tantum
1140 2311 1315 2353 presentes
1345 2311 1375 2340 et
1403 2318 1468 2341 non
1498 2306 1656 2341 absentes
1681 2318 1740 2354 pro
1761 2310 1921 2353 porcione
1942 2305 2064 2340 debent

219 2372 252 2401 et
280 2372 455 2402 teneantur
483 2368 619 2403 habere.
649 2379 740 2402 more
769 2368 877 2411 solito,
907 2370 992 2402 sicut
1020 2367 1218 2402 cottidianas
1246 2371 1424 2414 porciones
1453 2371 1539 2401 inter
1567 2379 1605 2402 se
1634 2367 1824 2402 dividendo.
1854 2368 1937 2401 Item
1959 2367 2064 2402 voluit

219 2431 252 2462 et
279 2431 312 2462 in
339 2427 481 2462 futurum
511 2433 670 2475 perpetuo
699 2429 875 2462 tenendum
896 2429 1072 2471 ordinavit,
1102 2431 1187 2462 utin
1209 2433 1336 2474 septem
1358 2427 1472 2462 diebus
1492 2428 1650 2463 videlicet
1669 2428 1872 2471 Nativitatis,
1903 2426 2062 2462 Circum-

219 2491 368 2531 cisionis‚
397 2489 561 2534 Epifanie,
592 2489 731 2531 Pasche,
762 2491 996 2531 Ascensionis,
1027 2488 1267 2523 Penthecostes
1297 2493 1329 2522 et
1353 2488 1510 2534 Corporis
1532 2487 1664 2530 Christi,
1694 2499 1757 2522 nee
1777 2491 1894 2522 nonin
1917 2490 2063 2533 quinque

218 2546 369 2593 ejusdem
403 2549 579 2584 Genitricis
615 2550 761 2595 gloriose
798 2549 946 2595 Virginis
974 2549 1078 2584 Marie
1107 2548 1340 2584 festivitatibus
1369 2549 1638 2594 Assumpcionis‚
1668 2547 1869 2591 Nativitatis‚
1900 2547 2061 2594 Concep-
