2206 2735
1069 53 1113 84 34

1059 191 1133 226 M.

170 271 291 304 Petrus
322 269 446 303 l'robst
477 282 539 302 rou
570 269 779 303 ,llllmnzlau
805 273 973 313 yos-talio!
1003 271 1075 303 dem
1107 268 1305 314 [ierom-yet·
1335 270 1487 314 moster,
1526 273 1605 306 dass
1641 274 1674 306 iu.
1703 273 1763 306 der
1792 271 2015 307 Filialln‘rclte

259 343 296 363 ευ
328 329 449 363 Diu-ult
478 329 698 363 :rucherum-li
728 330 872 363 ‹Ireimal
900 330 1015 363 Messe
1043 330 1182 374 yeleseu
1212 332 1333 364 werde.
1366 330 1422 364 m.
1454 331 1618 377 l'oydows
1646 332 1681 367 8.
1713 333 1787 366 Mai
1816 332 1910 367 1351
1920 359 1926 366 .

324 407 462 459 petrus
491 425 599 459 diuina
631 425 844 471 piwmideneia
875 425 1137 459 Bolezlauiensis
1167 426 1311 459 ecclesie
1341 430 1455 460 sancte
1485 430 1671 473 prepositus
1709 428 1748 461 ad
1788 431 2018 462 vniuersorum

167 489 319 520 noticiam
357 490 473 520 tenore
508 489 718 532 presencium
757 486 907 520 volumus
942 489 1129 532 peruenire.
1188 486 1281 528 Quod
1311 490 1385 532 quia
1416 490 1522 521 sancti
1553 491 1710 534 propositi
1747 488 1946 523 desiderium
1977 499 2019 522 ex

168 547 307 581 humane
337 547 531 581 infirmitatis
561 547 759 580 condicione
788 550 899 592 sepius
936 546 1124 580 retardatur
1153 546 1283 582 effectu.
1323 550 1384 581 nisi
1415 548 1534 582 diuinis
1564 548 1731 594 sull'ragijS
1761 548 1923 586 obtentis.
1966 552 2019 595 pio

167 620 203 641 ac
235 609 369 642 salutari
407 608 554 642 remedio
583 608 833 654 supplicacione
863 607 1004 641 lidelium
1038 607 1222 642 adiuuetnr.
1259 607 1308 641 Ob
1338 608 1422 654 qnod
1453 611 1627 654 cupientes
1658 612 1798 644 sinceris
1827 614 1859 643 et
1887 612 2018 644 attentis

167 669 350 705 all'ectibus.
381 674 411 702 et
442 680 483 702 ex
514 672 612 702 certis
635 674 663 702 et
686 669 852 713 legittimis
882 671 1007 710 causis,
1039 679 1170 714 preces,
1201 672 1233 701 et
1262 669 1506 714 postulaciones
1528 668 1758 713 Clmnigundis
1779 675 1811 704 et
1831 674 2018 705 conuentus

167 732 356 763 monasterii
386 730 682 763 sanctimonialium
719 729 803 763 celle
841 734 960 763 sancte
990 729 1096 763 Marie
1133 732 1215 762 intra
1252 739 1362 763 muros
1401 732 1542 763 ciuitatis
1575 730 1779 764 Brnnnensis
1815 730 1959 775 benigne
1988 735 2019 765 et

167 790 389 824 l‘auorabilit‹.=i·
425 790 595 826 exaudire.
645 789 796 823 Nostrum
828 790 866 822 ad
899 790 959 823 hoc
989 790 1106 824 dantes
1136 801 1340 823 consensum
1377 790 1564 824 beniuolum
1597 796 1628 824 et
1658 802 1870 837 expressum7
1913 791 1958 826 Vt
1988 795 2018 826 in

167 851 251 885 liliali
281 851 425 884 ecelesia
454 853 484 884 in
517 850 592 884 villa
622 861 735 884 earum
768 853 797 883 in
830 850 985 896 Dywakz
1016 852 1157 893 singulis
1187 853 1379 896 septimanis
1410 851 1496 885 bina.
1529 852 1578 884 uel
1602 854 1683 885 trina
1706 855 1781 885 viee
1803 855 1903 886 missa
1923 852 2019 886 cele-

168 912 288 946 bretur.
319 916 351 946 et
380 912 441 945 alia
471 914 540 946 iura
571 912 802 945 ecclesiastica
833 911 951 945 ibidem
984 922 1077 945 more
1107 912 1204 945 solito
1227 916 1438 957 peragantur.
1470 911 1579 946 Saluis
1601 917 1710 946 tamen
1732 912 1859 947 iuribus
1882 917 1914 947 et
1934 923 2020 947 con—

167 972 394 1007 suetudinibus
423 972 640 1018 parrochialis
671 973 816 1006 ecclesie
845 976 874 1006 in
907 973 1100 1006 micolczicz
1130 972 1324 1006 collacionis
1359 978 1473 1008 nostre
1503 973 1542 1007 ad
1574 984 1670 1019 quam
1700 974 1884 1008 dinoscitur
1913 977 2019 1019 perti-

166 1046 245 1067 nere
275 1045 311 1067 ac
342 1036 446 1067 eciam
486 1034 643 1067 duntaxat
681 1034 828 1067 exclusis
866 1036 1002 1068 summis
1040 1033 1287 1079 l'estiuitatibns7
1322 1033 1538 1068 dedicaeione
1567 1045 1606 1067 ae
1635 1035 1706 1068 aliis
1736 1034 1862 1075 diebus,
1902 1034 2019 1068 debitis

165 1099 194 1127 ct
227 1094 365 1127 festinis.
396 1097 426 1128 in
457 1094 573 1140 quibus
603 1093 753 1128 homines
791 1094 832 1128 (le
861 1094 977 1127 eadem
1008 1094 1086 1128 villa
1123 1093 1284 1140 prefatam
1320 1094 1497 1129 ecclesiam
1529 1095 1773 1141 parrochialem
1804 1099 1960 1129 tenentur
1989 1099 2020 1129 et

164 1155 327 1188 debebunt
350 1166 422 1188 eum
436 1158 644 1202 ‘renerent-ia
666 1154 765 1199 digna
787 1159 816 1187 et
837 1154 946 1188 debita
968 1155 1192 1199 frequentare.
1225 1154 1292 1188 Nos
1314 1159 1422 1200 itaque
1445 1156 1668 1189 decernentes
1689 1155 1873 1189 huiusmodi
1896 1166 2020 1190 assen-

164 1227 233 1249 sum
263 1216 408 1249 vtililatis
439 1220 650 1261 augmentum
680 1215 753 1249 sor(¹
782 1218 884 1261 ipsius
913 1216 1060 1250 ecclesie
1091 1220 1251 1262 perpetuo
1282 1216 1468 1259 valiturmm
1499 1219 1618 1250 virtute
1649 1221 1678 1250 et
1700 1219 1896 1250 auctoritate
1916 1219 2019 1251 nostri

163 1278 334 1322 patrocinij
365 1279 472 1311 omnia
503 1281 535 1310 et
565 1277 694 1321 singula
725 1280 887 1323 premissa
919 1277 1102 1310 laudamus.
1134 1276 1370 1323 approbamus,
1401 1282 1433 1311 et
1461 1289 1502 1311 ex
1534 1282 1626 1310 certa
1648 1282 1760 1311 nostra
1782 1279 1929 1311 sciencia
1960 1287 2019 1323 pro

164 1337 257 1371 nobis
287 1342 318 1370 et
347 1341 469 1372 nostris
499 1337 754 1372 suecessoribus
784 1337 997 1384 presentibus
1028 1337 1274 1372 confirmamus.
1306 1337 1428 1371 Harum
1458 1342 1647 1371 nostrarum
1668 1340 1756 1371 serie
1776 1343 1808 1372 et
1829 1340 2019 1371 testimonio

163 1399 356 1431 litterarum.
388 1397 456 1431 Nos
485 1409 568 1432 vero
588 1397 812 1433 Hermannus.
843 1401 1068 1432 miseracione
1098 1399 1219 1433 diuina.
1250 1399 1397 1432 ecclesie
1426 1402 1532 1432 sancti
1554 1398 1641 1432 Petri
1672 1397 1791 1432 ibidem
1823 1401 1853 1431 in
1886 1398 2018 1432 Brunna

163 1461 351 1505 prepositus
381 1458 530 1493 oflicialis
559 1462 652 1493 curie
680 1459 885 1506 episcopalis
915 1458 1163 1502 olomucensis„
1194 1470 1325 1493 necnon
1354 1457 1507 1494 Jacohus
1538 1459 1637 1493 iudex
1667 1463 1698 1493 et
1729 1487 1735 1493 .
1760 1486 1765 1492 .
1797 1461 1891 1492 iurati
1914 1460 2017 1505 ipsius

162 1523 303 1554 ciuitatis
335 1520 540 1554 Brunnensis
578 1520 616 1554 ad
654 1523 836 1554 instancias
874 1524 907 1553 et
943 1531 1062 1566 preces
1101 1521 1322 1566 predictarum
1359 1521 1656 1554 sanctimonialium
1696 1520 1802 1564 sigilla
1842 1523 1956 1553 nostra
1986 1522 2016 1553 in

162 1584 381 1615 testimonium
411 1583 554 1615 omnium
584 1583 824 1626 premissorum
855 1581 1010 1615 duximus
1041 1581 1271 1627 appendenda.
1303 1581 1419 1615 Datum
1451 1584 1480 1614 in
1511 1580 1681 1627 Poydows
1710 1580 1889 1624 dominica,
1919 1579 2018 1614 Jubi-

164 1642 238 1675 late.
270 1652 356 1675 anno
387 1641 505 1675 domini
536 1641 707 1675 millesimo
741 1644 978 1675 trecentesimo
1017 1645 1411 1688 quinquagesimoprimo.

470 1720 718 1754 (Abgeschrietwn
744 1730 794 1746 aiis
817 1720 880 1746 dein
908 1720 1057 1752 originaln
1083 1721 1169 1746 ‹lm-cli
1196 1720 1230 1747 A.
1259 1721 1376 1754 Hoc-ek.)

1055 1854 1126 1889 35.

318 1917 464 1970 Raiser
493 1935 569 1970 Karl
600 1935 656 1970 IV.
688 1935 819 1969 beliehlt
847 1936 920 1970 dem
951 1935 1170 1981 Mai-ggral'en
1201 1947 1239 1969 zu
1269 1935 1444 1980 Ellbogem
1481 1935 1557 1969 dass
1594 1946 1630 1969 er
1665 1945 1731 1969 von
1769 1933 1833 1968 den
1862 1933 2015 1978 Burgern

163 1997 221 2030 der
250 1997 341 2032 Stadt
372 1997 464 2042 Eger
493 1995 616 2030 keinen
647 1996 715 2031 Zoll
755 1997 847 2030 mehr
883 1997 1029 2031 erheben
1069 1997 1161 2031 solle.
1203 1995 1255 2030 Dt.
1293 2007 1331 2030 zu
1371 1995 1456 2040 Prag-
1491 1996 1550 2029 des
1586 1999 1727 2041 negsten
1764 1993 1919 2039 Montags
1956 2005 2018 2029 vor

163 2058 235 2091 dem
267 2057 437 2102 Psmgstag
465 2057 494 2090 d.
526 2060 544 2090 i.
577 2057 635 2090 30.
666 2056 730 2091 Mai
764 2057 872 2092 1351.

472 2135 670 2170 (Abgedruekt
694 2137 720 2162 in
749 2135 851 2161 l'elzl's
875 2137 943 2162 Kar-l
971 2137 1020 2162 lv.
1050 2135 1234 2162 l’rkundenb.
1261 2144 1321 2160 zum
1348 2135 1366 2162 Ι.
1392 2135 1443 2160 Th.
1470 2144 1495 2169 p⁴
1524 2134 1609 2167 1⁸29.)

1054 2269 1125 2305 86.

316 2332 466 2386 Kaiser
494 2351 573 2386 Karl
601 2351 658 2386 IV.
689 2352 871 2387 verschafft
900 2352 962 2386 den
993 2351 1096 2386 durch
1124 2350 1368 2385 verschiedene
1399 2348 1647 2395 Ungliicksfalle
1686 2347 1894 2383 betroffenen
1924 2348 2016 2382 Bar-

161 2422 242 2456 gern
272 2423 338 2446 von
367 2412 466 2448 Kolin
495 2416 569 2447 eine
596 2412 856 2458 Erleichterung
886 2412 940 2447 bei
972 2412 1163 2456 Bezahlung
1192 2411 1281 2445 ihrer
1310 2410 1489 2445 Schnlden.
1521 2410 1572 2444 Dt.
1603 2409 1712 2455 Prage
1741 2407 1799 2447 IV.
1828 2408 1904 2444 Idus
1924 2409 2015 2444 Junii

162 2472 191 2506 d.
224 2476 242 2507 i.
277 2472 331 2507 10.
363 2472 439 2506 Juni
470 2473 579 2507 1351.

469 2551 671 2585 (Abgedruekt
696 2552 722 2577 in
749 2550 852 2578 Pelzl‘s
878 2552 949 2577 Kar]
976 2550 1021 2579 IV.
1050 2549 1236 2577 L'rkundenb.
1262 2557 1324 2574 zum
1351 2546 1370 2575 1.
1398 2548 1451 2575 Th.
1476 2557 1504 2582 p.
1532 2545 1617 2585 127.)
