2206 2735
1053 39 1122 75 132

163 157 202 191 ad
234 161 425 203 perpetuam
455 154 551 188 tidem
582 153 766 187 faciendam
797 155 919 186 uostris
949 152 1051 186 literis
1088 155 1189 186 inseri
1227 157 1257 186 et
1288 163 1347 198 per
1385 164 1444 187 nos
1473 153 1649 200 approbari
1678 158 1708 187 et
1739 164 1782 188 ex
1812 158 1903 188 certa
1942 157 2013 188 sci-

163 221 258 251 encia
289 216 489 249 continuari.
520 217 613 248 cuins
641 213 772 259 quidem
802 213 1027 246 ordinacionis
1057 216 1129 246 siue
1159 212 1395 259 disposicionis
1425 218 1520 248 tenor
1546 213 1729 248 dinoscitur
1755 225 1832 248 esse
1861 215 1947 249 talis,
1977 213 2013 248 ln

165 281 297 312 nomine
326 277 446 309 domini
476 286 585 308 amen.
616 273 777 308 Noverint
807 276 955 307 vuiuersi
986 278 1176 320 presentem
1207 274 1333 307 literam
1364 277 1545 320 inspecturi
1575 275 1659 321 quod
1691 286 1755 318 ego
1785 274 2013 309 llainczman-

166 348 226 372 nus
257 336 341 370 lilius
371 335 536 381 quondam
566 334 695 369 Nicolai
733 334 808 368 dicti
845 334 884 367 de
920 333 1017 367 Turri
1052 333 1092 367 de
1128 333 1355 368 Thusnuwicz
1394 334 1558 382 presbiter
1593 347 1729 369 manens
1766 335 1899 369 liruune
1934 346 2015 380 eger

164 408 305 442 corpore
335 407 436 429 sanus
475 399 585 429 mente
620 400 650 429 et
681 406 739 441 per
767 397 875 428 onmia
909 405 1046 440 compos
1085 397 1217 440 proprie
1252 398 1396 429 racionis
1435 395 1519 429 bona
1554 396 1799 430 deliberacione
1834 395 2014 441 preliabita.

165 458 250 492 diem
280 468 387 490 meum
417 461 601 490 extremum
631 454 794 500 aliquibus
823 454 980 501 operibus
1010 457 1141 500 pietatis
1171 458 1309 500 cupiens
1338 458 1529 501 preuenire.
1558 456 1598 489 de
1635 455 1730 490 bonis
1765 459 1846 490 ineis
1875 459 2017 502 propriis

165 522 198 552 et
225 516 337 551 liberis
368 516 432 550 tale
462 515 526 550 feci
555 520 585 549 et
616 514 702 550 facio
731 519 962 548 testamentum
993 514 1104 548 habito
1132 525 1302 549 consensu
1332 515 1453 548 domini
1482 514 1600 549 Jacobi
1630 515 1759 561 plebani
1789 517 1828 550 311
1865 521 2014 550 sanctum

165 577 328 612 Jacobum
359 582 388 610 et
419 576 543 610 Judicis
573 580 604 609 et
633 575 811 609 Consulum
842 580 871 609 et
911 575 1130 609 Scabinorum
1167 575 1315 610 eiusdem
1355 576 1560 610 Brunnensis
1599 575 1707 623 Opidi,
1746 577 1821 622 lego
1857 581 1889 611 et
1926 577 2015 619 volo,

166 638 251 684 quod
281 638 321 671 de
351 638 446 671 domo
477 648 548 670 inea
578 639 604 670 si
634 636 827 670 decessero.
859 636 1027 670 Ciiniterio
1056 635 1214 682 parochie
1242 639 1350 670 sancti
1378 635 1494 670 Jacobi
1529 635 1650 670 ibidem
1685 640 1748 671 situ
1782 640 1892 672 iuncta
1929 648 2017 671 con—

165 702 255 732 tinuo
285 698 338 732 [iat
369 696 513 744 Capella.
544 707 607 743 que
636 696 676 730 de
705 707 875 730 consensu
907 696 1116 730 Venerabilis
1145 699 1177 730 in
1207 696 1338 731 Christo
1367 700 1468 743 patris
1498 697 1619 731 domini
1649 700 1753 731 nostri
1783 696 2016 733 Oloniucensis

166 758 336 806 Episcopi,
365 761 418 803 qui
448 768 535 792 nunc
564 761 614 791 est
644 758 695 791 uel
724 760 777 802 qui
814 768 872 802 pro
911 761 1061 803 tempore
1102 756 1212 791 fuerit.
1257 756 1412 791 fundetur
1447 761 1658 800 instauretur.
1696 762 1729 792 ut
1765 761 1865 792 moris
1899 764 1949 792 est
1987 763 2017 792 et

166 822 272 854 eciam
302 819 473 853 dedicetur
500 822 534 852 et
561 817 601 852 ad
630 829 727 864 quain
757 817 924 863 Capellam
960 818 1068 851 taliter
1101 817 1350 852 instaurandam
1388 820 1551 863 assingno
1585 818 1695 852 dotem
1735 829 1798 853 sex
1834 829 2017 852 marcarum

168 885 333 914 certorum
365 889 512 912 meorum
541 878 725 912 reddituum
755 883 831 912 ante
859 878 950 912 sores
980 881 1082 924 ipsius
1111 877 1207 924 Opidi
1236 881 1268 912 in
1297 877 1395 912 bonis
1424 881 1506 913 meis
1533 883 1694 925 perpetuo
1731 879 2018 925 percipiendorum

169 953 187 975 a
216 939 408 987 Capeliano.
437 942 491 984 qui
520 950 579 985 pro
609 943 758 985 tempore
787 941 849 985 ipsi
878 938 1012 985 Capelle
1049 938 1229 986 prefuerit.
1261 950 1343 985 quas
1373 942 1445 985 ipse
1475 942 1635 985 percipiet
1663 943 1695 973 et
1732 942 1834 985 ipsius
1863 942 2020 973 necessi-

167 1001 288 1035 tatibus
319 1009 349 1034 et
379 1000 596 1047 beneplacitis
632 999 758 1042 vsibus.
794 1010 868 1033 cum
906 999 1066 1034 fructibus
1105 1003 1205 1033 vinee
1234 1011 1307 1033 mee
1340 1010 1404 1045 que
1438 998 1531 1033 Hosk
1567 1003 1767 1033 nominatur.
1808 999 2020 1046 mancipabit.

169 1061 349 1107 Septimum
380 1071 460 1095 uero
490 1072 645 1094 marcam.
675 1071 771 1105 quam
806 1063 977 1105 assingno.
1012 1063 1117 1094 eciam
1152 1061 1237 1094 idem
1269 1060 1470 1106 Capellanus
1506 1060 1640 1107 Capelle
1676 1063 1846 1107 percipiet,
1885 1060 1943 1094 sed
1981 1060 2022 1094 de

171 1122 223 1157 illa
251 1126 391 1168 septima
420 1132 531 1155 marca
561 1125 678 1167 quater
705 1124 737 1155 in
766 1131 853 1155 anno
882 1124 1144 1155 anniuersariam
1174 1132 1279 1154 meam
1309 1123 1500 1155 memoriam
1530 1126 1667 1167 peraget
1695 1124 1760 1155 isto
1781 1120 1889 1163 1110110,
1927 1120 2023 1155 Dabit

171 1186 256 1216 enim
286 1183 428 1226 singulis
456 1186 597 1227 quatuor
624 1180 827 1228 temporibus
857 1184 934 1215 anni
963 1184 1190 1228 inperpetuum
1220 1181 1363 1228 plebano
1392 1185 1497 1216 sancti
1525 1181 1653 1215 Jacobi.
1689 1184 1741 1227 qui
1777 1192 1837 1228 pro
1872 1186 2025 1228 tempore

170 1243 271 1277 fuerit
299 1248 329 1276 et
358 1245 460 1276 sociis
487 1246 521 1276 et
549 1244 684 1276 vicariis
714 1245 784 1276 suis
813 1241 987 1276 duodecim
1015 1253 1155 1287 grossos
1182 1241 1418 1285 bohemicales.
1449 1246 1484 1276 ut
1510 1245 1616 1276 sextis
1644 1241 1737 1276 feriis
1766 1245 1906 1288 quatuor
1933 1246 2025 1275 tem-

173 1315 288 1351 porum
317 1303 541 1350 predictorum
570 1302 612 1337 de
641 1314 718 1337 sero
746 1304 861 1348 vigilie
890 1307 922 1336 et
951 1302 1087 1337 sabbato
1118 1306 1270 1348 sequenti
1299 1313 1396 1336 mane
1424 1305 1528 1336 misse
1556 1302 1785 1336 defunctorum
1813 1302 2026 1336 celebrentur

171 1376 245 1398 cum
277 1367 472 1398 visitacione
500 1364 642 1410 sepulcri
671 1366 734 1398 mei
763 1368 798 1398 ut
825 1364 953 1397 assolet
981 1364 1063 1397 fieri.
1094 1362 1175 1397 ltem
1205 1363 1328 1397 eisdem
1358 1362 1560 1409 temporibus
1589 1363 1679 1397 dabit
1705 1363 1845 1408 singulis
1874 1365 1969 1397 annis
1993 1367 2025 1396 et

172 1429 312 1472 quatuor
340 1423 542 1470 temporibus
570 1428 638 1458 tres
666 1434 806 1469 grossos
835 1434 895 1470 pro
924 1423 1018 1470 pulsu
1048 1428 1079 1457 et
1108 1435 1207 1458 vnum
1236 1435 1392 1468 grossum
1422 1434 1479 1469 pro
1517 1434 1627 1470 panno
1663 1424 1922 1470 superponendo
1951 1433 2025 1456 meo

173 1486 308 1527 tumulo,
338 1489 370 1519 ut
399 1490 450 1519 est
478 1488 591 1519 moris.
622 1484 703 1519 Item
733 1484 880 1531 predicta
909 1484 1037 1518 domus.
1067 1496 1163 1531 quam
1198 1485 1286 1529 lego.
1326 1484 1457 1518 habebit
1493 1485 1667 1518 Cellarium
1703 1495 1764 1531 pro
1798 1484 1957 1518 Carnario
1993 1488 2025 1516 et

176 1549 381 1593 superiorem
409 1550 535 1592 partem
564 1556 623 1591 pro
652 1545 786 1591 Capella
814 1545 988 1591 aptandam
1018 1550 1049 1579 et
1079 1545 1242 1579 residuam
1272 1550 1397 1590 partem
1428 1550 1491 1578 tam
1521 1545 1637 1578 (10111115
1665 1555 1760 1590 quam
1782 1543 1880 1578 Curie
1899 1543 2025 1590 Capel-

175 1607 282 1641 ianus.
313 1610 364 1652 qui
394 1617 453 1653 pro
483 1611 630 1652 tempore
658 1606 766 1649 fuerit.
797 1616 855 1652 pro
884 1605 1130 1640 iuliabitacione
1159 1617 1217 1640 5113
1244 1609 1315 1640 11118
1342 1610 1502 1652 perpetuo
1530 1605 1693 1639 retinebit.
1723 1604 1851 1638 Census
1866 1615 1948 1638 uero
1967 1614 2027 1650 pro

177 1668 252 1702 dote
282 1666 415 1713 Capelle
443 1670 597 1713 superius
626 1670 815 1712 assignatus
844 1679 861 1700 a
889 1667 970 1700 locis
999 1670 1171 1713 proueniet
1198 1667 1433 1713 infrascriptis,
1463 1666 1618 1701 videlicet
1646 1669 1679 1700 in
1707 1666 1813 1712 platea
1840 1665 2027 1699 Cerdonum

178 1733 207 1763 et
238 1731 269 1762 in
299 1731 371 1760 acie
400 1732 513 1761 contra
542 1726 694 1761 balneum
725 1728 855 1761 domine
885 1727 970 1761 dicte
1000 1727 1218 1761 Vitisserinne
1247 1732 1279 1761 et
1306 1730 1338 1761 in
1368 1728 1476 1774 platea
1506 1727 1758 1761 Sterczerorum
1779 1731 1811 1760 et
1839 1730 1915 1760 ante
1943 1736 2026 1771 por—

178 1794 257 1835 tam,
285 1798 348 1833 que
377 1788 494 1822 dicitur
521 1793 615 1834 porta
644 1788 835 1822 Letancium
864 1788 920 1823 vbi
948 1791 980 1822 in
1009 1791 1110 1822 variis
1138 1788 1220 1822 locis
1249 1792 1378 1822 constat
1407 1787 1446 1822 ad
1483 1798 1537 1821 me
1570 1791 1641 1822 iure
1679 1787 1811 1821 dominii
1846 1788 2025 1833 pertinere,

179 1861 242 1896 que
273 1848 403 1883 difficile
431 1853 523 1883 esset
552 1853 582 1882 et
611 1849 811 1894 superfluum
846 1861 911 1896 per
945 1848 1074 1894 singula
1110 1848 1260 1883 scribere
1291 1848 1345 1882 uel
1378 1859 1528 1891 11311318,
1566 1848 1642 1882 volo
1676 1851 1781 1881 eciam
1816 1851 1849 1881 et
1882 1846 1959 1891 lego
1994 1849 2027 1880 et

180 1913 264 1944 iusto
293 1920 367 1943 meo
397 1913 594 1943 testamento
623 1912 796 1954 assingnQ
825 1909 911 1955 quod
940 1912 1036 1943 istam
1067 1908 1248 1955 Capellam,
1275 1913 1451 1955 postquam
1479 1913 1590 1955 aptata
1611 1907 1708 1942 fuerit
1727 1912 1759 1941 et
1777 1907 1925 1949 fundata,
1944 1905 2026 1940 Cum

181 1969 332 2004 omnibus
368 1968 511 2011 1111111115,
547 1969 764 2016 prouentibus
799 1975 831 2004 et
868 1970 1059 2004 vtilitatibus
1094 1973 1163 2004 suis
1197 1973 1330 2004 nomine
1362 1980 1448 2012 meo,
1484 1972 1538 2014 qui
1571 1971 1711 2015 primam
1744 1968 1959 2001 collacionem
1994 1971 2026 2001 et

181 2033 407 2077 prouisionem
436 2032 506 2063 eius
534 2028 632 2063 michi
660 2032 779 2063 retinui
809 2041 846 2064 ac
868 2033 995 2064 retineo
1025 2031 1065 2064 ad
1094 2033 1382 2077 presentacionem
1412 2041 1518 2064 meam
1547 2029 1668 2063 habeat
1696 2033 1727 2062 et
1751 2031 1894 2061 retineat
1921 2030 2027 2061 inve—

182 2091 330 2125 stiendus
359 2101 377 2124 3
406 2089 599 2123 venerabile
626 2092 659 2123 in
689 2089 818 2125 Christo
846 2095 941 2137 patre
962 2091 1094 2125 domino
1123 2096 1237 2125 nostro
1266 2090 1480 2125 Olomucensi
1508 2089 1686 2136 Episcopo,
1715 2091 1769 2134 qui
1797 2099 1885 2122 nunc
1915 2092 1967 2122 est
1995 2092 2027 2121 et

182 2162 241 2198 pro
270 2155 420 2197 tempore
447 2149 545 2184 fuerit
571 2154 607 2184 vt
635 2155 685 2185 est
715 2153 826 2185 moris.
857 2150 1009 2185 dominus
1037 2156 1153 2197 petrus
1182 2151 1347 2197 presbiter
1381 2151 1488 2185 dictus
1522 2150 1563 2184 de
1596 2148 1807 2183 Liebenstain
1844 2151 1956 2182 socius
1993 2152 2026 2182 et

182 2212 412 2246 commensalis
441 2221 545 2254 meus,
575 2209 634 2244 Cui
663 2214 924 2246 exsecucionem
953 2215 1059 2246 tocius
1088 2215 1274 2246 testamenti
1304 2215 1367 2246 mei
1395 2213 1561 2254 commisi,
1590 2214 1667 2257 post.
1693 2208 1816 2243 obitum
1843 2219 1925 2243 uero
1954 2211 2025 2242 eius

183 2272 235 2306 uel
263 2274 452 2305 cessionem
481 2271 629 2305 eiusdem
659 2272 699 2305 ad
728 2274 833 2317 ipsam
862 2271 1028 2318 Capellam
1057 2275 1270 2318 presentacio
1299 2272 1462 2318 spectabit
1489 2271 1529 2306 ad
1563 2269 1736 2317 plebanum
1773 2271 1879 2304 sancti
1906 2267 2025 2303 Jacobi

184 2332 337 2366 Ecclesie
365 2336 548 2365 memorate
576 2335 608 2365 et
636 2331 675 2365 ad
705 2335 897 2377 magistrum
928 2331 1108 2366 Consulum
1136 2337 1170 2366 et
1198 2332 1360 2367 Consules
1388 2335 1420 2366 in
1441 2331 1577 2366 solidum
1598 2329 1646 2364 lta
1666 2341 1761 2373 sane,
1789 2329 1874 2374 quod
1895 2328 2024 2375 qnando

184 2398 215 2426 et
251 2395 413 2438 quociens
445 2391 625 2438 predictam
661 2390 827 2438 Capellam
861 2404 983 2427 uacare
1017 2396 1213 2438 contigerit.
1250 2393 1289 2426 ad
1326 2404 1398 2426 eam
1430 2391 1567 2438 predicti
1601 2390 1761 2437 plebanus
1796 2394 1829 2423 et
1863 2389 2023 2423 Consules

185 2464 283 2487 vnum
314 2453 354 2486 de
383 2455 517 2486 vicariis
546 2452 693 2486 eiusdem
723 2452 877 2487 Ecclesie
905 2456 1011 2487 sancti
1039 2453 1157 2488 Jacobi
1186 2458 1217 2487 et
1236 2465 1302 2488 non
1323 2453 1454 2487 aliunde
1473 2463 1535 2486 nee
1558 2452 1656 2486 alium
1676 2450 1886 2485 concorditer
1904 2449 2025 2484 debent

184 2518 392 2560 presentare.
422 2512 517 2555 Quod
546 2516 573 2547 51
601 2516 633 2547 111
662 2514 886 2559 presentando
916 2513 1134 2549 dissenserint
1160 2514 1299 2560 predicti
1328 2513 1487 2560 plebanus
1515 2517 1548 2546 et
1575 2511 1685 2555 Ciues,
1715 2514 1759 2546 ita
1787 2510 1873 2558 quod
1901 2509 2023 2557 pleba-
