2206 2735
1056 25 1141 79 ¹⁷4-

1032 179 1140 214 22².

164 256 270 290 Adam
301 265 363 288 ron
395 255 520 288 Kom'lz
549 255 706 292 belreimt.
736 257 815 290 dass
845 268 882 289 ei·
911 268 973 291 rou
1004 257 1076 290 dem
1108 257 1162 290 ΙιἸ.
1194 256 1288 291 Soar
1326 257 1388 290 das
1417 257 1479 291 ode
1511 258 1604 301 Dors
1630 257 1780 291 Bulclmw
1817 269 1877 291 zur
1905 269 2010 292 neuen

471 316 707 361 Anpflanzuuq
736 317 893 350 erlmlteii
922 318 1022 351 habe.
1064 318 1119 351 De.
1156 318 1288 351 Trisson
1322 318 1376 351 16.
1410 318 1560 352 Olslober
1592 319 1700 352 1353.

315 391 405 444 Nos
434 411 545 444 Adam
574 411 614 444 dc
644 411 828 457 t'lionnycz
858 424 920 446 nco
949 425 1014 446 non
1044 413 1174 447 domina
1206 415 1318 456 Anna,
1350 413 1560 447 Uontboralis
1590 420 1704 448 nostra
1735 414 1924 458 karissima,
1945 425 2012 449 vna

158 481 232 505 cum
261 470 375 505 liberis
405 476 437 504 et
466 472 722 505 successoribus
752 476 873 505 nostris
902 477 1181 518 recognoscimus
1211 478 1327 507 tenore
1356 477 1567 520 presencium
1606 477 1773 509 vninersis
1804 474 2013 521 presentibus

158 536 189 565 et
217 531 350 575 suturis,
380 532 465 578 qnod
497 535 557 566 viri
587 533 736 577 religiosi
765 545 804 566 ac
835 534 976 576 bonesti,
1007 534 1159 569 dominns
1188 535 1359 569 Jolianncs
1388 534 1516 572 Abbas,
1546 539 1578 569 et
1605 535 1797 570 Conucntus
1818 535 2013 570 Monasterii

157 595 189 626 in
218 592 294 635 Zar,
324 593 450 627 ordinis
482 593 743 639 (systerciciisis,
774 594 958 639 l'ragonsis
988 594 1180 638 dioceseos,
1210 599 1449 630 commiserunt
1479 595 1596 638 nobis,
1631 596 1741 629 villam
1771 599 1915 642 ipsorum
1945 596 2012 630 de-

158 657 295 691 sertam,
327 653 481 687 Bulikaw
512 654 684 698 wlgaritcr
713 660 947 700 nuncupatam,
979 655 1088 689 denuo
1118 656 1292 689 locandam
1315 659 1404 689 iuxta
1425 656 1599 689 consilium
1626 657 1771 701 ipsorum
1800 661 1834 690 ct
1854 657 2012 703 plantan—

156 713 243 756 dam,
275 715 329 747 tali
358 715 558 748 condicione
587 714 729 750 adiecta.
759 715 844 760 quod
874 720 950 761 post
978 719 1245 762 exspiracioncni
1276 728 1435 750 annornm
1458 715 1618 749 libertatis
1640 718 1742 762 ipsius
1763 717 1802 750 ad
1823 728 1881 751 eos
1902 717 2013 751 redire

156 773 276 808 debeat
304 775 454 822 predicta
484 775 561 809 villa
591 786 664 809 cum
694 777 792 821 pleno
822 787 928 810 censu
957 788 996 810 ac
1025 777 1176 811 omnibns
1206 781 1422 823 pertinenciis
1451 779 1532 820 suis,
1563 779 1653 822 agris
1682 778 1779 812 cultis
1808 782 1841 811 et
1869 778 2011 821 incultis,

156 846 196 869 ac
223 835 376 869 omnibus
406 836 600 870 Vtilitatibus
630 848 670 870 ac
699 837 914 882 prouentibus
943 840 1011 871 suis
1040 841 1071 871 in
1110 838 1186 871 villa
1225 843 1257 871 et
1285 842 1378 871 extra
1417 838 1527 872 villam
1562 850 1662 884 super
1700 843 1821 871 terrain
1858 843 1889 871 et
1925 838 2008 872 infra

156 900 290 933 terram,
321 896 425 938 siluis,
457 896 596 933 rubetis.
627 900 774 943 pascuis,
804 900 919 944 pratis,
949 901 1098 944 piscinis7
1128 898 1386 944 piscacionibus,
1418 902 1527 945 aquis,
1556 901 1639 941 viis,
1670 901 1814 941 semitis,
1844 901 2010 933 venacio-

155 955 251 990 nibus
280 968 342 990 nec
371 968 436 991 non
466 968 539 991 cuin
571 957 681 992 Bcrna
711 958 816 1003 regali
846 970 885 992 ac
913 959 1065 993 omnibus
1094 959 1166 993 aliis
1191 958 1320 1004 juribus
1349 963 1382 993 et
1410 961 1597 993 attinenciis
1618 958 1870 1005 quibuscunque
1898 962 2011 993 nomi-

155 1016 251 1051 nibus
280 1023 494 1052 censeantur.
525 1018 633 1052 Nicliil
662 1019 750 1053 aliud
779 1019 875 1054 nobis
904 1019 1025 1054 ibidem
1055 1020 1189 1054 dominii
1218 1021 1271 1055 vel
1297 1022 1383 1065 juris
1422 1023 1484 1054 nisi
1513 1023 1691 1054 tuicionem
1723 1025 1754 1054 et
1783 1020 2010 1054 defensionem

156 1088 368 1112 reseruamus
397 1078 603 1122 adicientes,
633 1080 719 1126 quod
749 1083 776 1114 si
801 1080 929 1125 judex,
962 1083 1014 1115 cui
1043 1081 1209 1127 plantacio
1238 1081 1324 1115 dicte
1355 1082 1432 1115 ville
1469 1084 1646 1115 commissa
1683 1081 1800 1123 suerit,
1838 1084 1941 1128 ipsam
1978 1083 2009 1115 in

156 1141 250 1173 anuis
280 1138 441 1174 libertatis
471 1141 621 1186 plenarie
650 1151 715 1175 non
745 1141 925 1186 locaueru,
953 1146 1079 1176 extunc
1116 1142 1219 1176 isdem
1253 1142 1359 1187 judex
1395 1143 1528 1175 totalem
1564 1153 1701 1176 censum
1737 1145 1897 1176 vniuerse
1936 1142 2012 1176 ville

156 1199 253 1234 debet
289 1201 422 1235 soluere
459 1199 666 1236 Monasterio
704 1202 882 1237 antedicto.
938 1201 977 1237 In
1015 1205 1109 1236 cuius
1146 1205 1195 1237 rei
1232 1205 1453 1237 testimonium
1491 1207 1666 1249 presentes
1703 1202 1803 1237 scribi
1840 1214 1880 1237 ac
1908 1205 2011 1237 nostri

155 1262 311 1295 iussimus
339 1262 438 1307 sigilli
467 1265 648 1296 munimine
676 1262 838 1297 roborari.
882 1263 1002 1297 Datum
1030 1268 1063 1297 et
1091 1268 1200 1297 actum
1230 1263 1386 1298 Tassaw.
1434 1264 1534 1297 Anno
1564 1263 1686 1297 domini
1713 1263 1891 1297 Millesimo
1921 1263 2012 1298 Tre-

156 1324 339 1356 centesimo
368 1321 656 1369 Quinquagesimo
687 1326 790 1358 tercio
818 1327 852 1358 in
880 1325 934 1358 die
962 1327 1069 1358 sancti
1099 1324 1184 1358 Galli
1212 1324 1432 1359 confessoris.

465 1400 561 1438 (Oi-ig.
587 1402 672 1436 Perg.
698 1403 783 1437 bz‘tng.
809 1402 868 1437 sig.
893 1403 929 1429 im
955 1403 1081 1430 Archive
1105 1403 1156 1429 dee
1181 1404 1229 1430 Kl.
1255 1403 1329 1429 Sani·
1353 1403 1388 1429 im
1414 1402 1670 1430 Laudes-Archive
1695 1403 1753 1431 Lit.
1768 1403 1802 1432 A,
1828 1402 1877 1430 Nr.
1904 1398 1968 1439 (33.)

1030 1549 1137 1585 228.

158 1624 268 1659 Adam
295 1636 361 1659 von
389 1627 517 1661 Koue'tz
545 1627 744 1674 balonga,
773 1629 854 1662 dass
881 1629 1019 1663 Jolzaim
1047 1640 1112 1662 von
1146 1628 1279 1662 Tassau
1306 1628 1379 1661 dem
1406 1627 1463 1661 Kc.
1494 1627 1590 1661 Saar
1626 1627 1688 1660 das
1716 1626 1812 1670 Dors
1834 1626 2011 1661 Kotklochs

582 1688 770 1733 qescllenkt
798 1688 897 1724 habe.
933 1689 993 1723 Dc.
1027 1689 1162 1723 Tassau
1191 1688 1251 1722 16.
1286 1687 1439 1722 Oktober
1469 1687 1579 1721 1353.

314 1761 401 1815 Nos
432 1781 540 1816 Adam
569 1783 608 1817 de
638 1783 800 1831 Clivnycz
829 1795 892 1818 nec
929 1795 995 1819 non
1032 1784 1162 1818 domina
1199 1784 1299 1818 Anna
1336 1783 1546 1818 Contboralis
1582 1787 1696 1818 nostra
1731 1781 1907 1817 karissima
1945 1793 2011 1816 vna

160 1851 232 1874 cum
261 1840 376 1875 liberis
407 1845 529 1876 nostris
558 1843 851 1890 Recognoscimus
881 1850 998 1879 tenore
1028 1848 1238 1892 presencium
1267 1847 1434 1880 vniuersis
1463 1843 1675 1891 presentibus
1703 1848 1737 1878 et
1757 1843 1886 1878 futuris.
1917 1841 2011 1884 Quod

158 1901 310 1936 dominus
339 1901 511 1936 Joliannes
540 1903 579 1937 de
608 1904 752 1940 Tassaw
781 1905 855 1940 diue
884 1908 1042 1940 memorie
1073 1905 1228 1940 Sororius
1257 1910 1372 1940 noster
1401 1905 1540 1939 dilectus
1560 1915 1739 1950 germanus
1760 1906 1877 1938 vxoris
1897 1907 2012 1938 nostre

162 1961 293 1996 domine
322 1962 422 1996 Anne
451 1968 636 2010 prenotate,
667 1965 739 1999 dum
769 1966 876 2000 adhuc
905 1978 1006 2014 super
1034 1969 1186 2011 viveret,
1216 1978 1299 2001 sano
1328 1977 1470 2013 corpore
1498 1965 1584 2000 bona
1617 1965 1786 1999 voluntate
1815 1975 1856 1997 ac
1884 1968 2013 1998 matura

161 2021 409 2057 deliberacione
447 2027 478 2058 in
517 2024 698 2059 remedium
733 2029 841 2061 anime
879 2038 954 2071 sue,
990 2030 1241 2074 progenitorum
1278 2039 1317 2061 ac
1353 2036 1591 2061 successorum
1628 2036 1691 2059 nec
1725 2036 1791 2059 non
1829 2026 2011 2058 amicorum

161 2094 307 2126 suorum,
345 2084 482 2118 contulit
517 2084 719 2119 Monasterio
756 2089 788 2120 in
823 2087 888 2121 Zar
923 2088 1047 2122 ordinis
1085 2087 1333 2134 Cysterciensis
1369 2087 1551 2133 Pragensis
1587 2086 1732 2121 diocesis
1768 2084 1881 2120 villam
1918 2096 2010 2119 suam

161 2143 324 2178 Kothloch
353 2144 541 2190 &Vlgariter
570 2150 789 2192 nuncupatam
819 2159 892 2181 cum
922 2148 1071 2183 omnibus
1101 2151 1317 2195 pertinenciis
1347 2153 1379 2182 et
1407 2147 1602 2183 Vtilitatibus
1631 2152 1664 2181 et
1697 2145 1915 2192 prouentibus
1943 2148 2012 2181 suis

161 2207 194 2238 in
223 2204 300 2239 villa
330 2209 362 2239 et
391 2210 488 2239 extra
518 2206 641 2249 villann
672 2218 772 2254 super
798 2212 920 2243 terram
950 2213 981 2243 et
1007 2209 1092 2243 infra
1123 2214 1257 2252 terram,
1287 2212 1377 2254 agris
1407 2209 1503 2243 cultis
1533 2213 1566 2242 et
1584 2206 1726 2250 incultiS,
1749 2206 1851 2241 Siluis
1871 2205 2012 2241 Bubetis

162 2268 295 2312 pascuis
325 2269 429 2312 pratis
464 2266 707 2302 venacionibus
743 2271 880 2314 piscinis
917 2270 1162 2316 piscacionibus
1197 2272 1292 2317 aquis
1328 2272 1392 2304 viis
1431 2271 1575 2311 semitis,
1613 2278 1745 2301 necnon
1783 2278 1858 2301 cum
1901 2266 2012 2300 Berna

161 2324 281 2371 Regali
310 2338 349 2360 ac
377 2326 528 2362 omnibus
559 2328 631 2362 aliis
662 2328 924 2365 obuencionibus
954 2335 986 2365 et
1013 2330 1304 2374 subuencionibus‚
1333 2329 1466 2364 Jurihus
1495 2331 1599 2375 ipsius
1619 2330 1788 2363 Vniuersis
1809 2331 1842 2361 et
1860 2329 2010 2361 attinen-

162 2388 241 2429 ciis,
271 2386 523 2433 quibuscunque
551 2387 740 2424 nominibus
768 2394 979 2426 censeantur.
1021 2390 1124 2426 Nobis
1152 2402 1234 2426 vero
1263 2390 1338 2425 Ade
1367 2401 1406 2424 ac
1439 2388 1540 2424 Anne
1576 2399 1709 2422 necnon
1744 2387 1858 2422 liberis
1891 2389 2011 2422 nostris

163 2451 346 2493 prenotatis
377 2448 554 2494 diligenter
583 2454 614 2483 et
643 2449 784 2484 fideliter
812 2454 882 2497 ipse
912 2451 1062 2486 dominus
1091 2451 1260 2486 Johannes
1289 2450 1470 2485 antedictus
1500 2452 1674 2493 commisit,
1695 2448 1781 2495 quod
1804 2448 1845 2482 de
1864 2447 2011 2494 predicta

161 2506 241 2542 villa
270 2511 345 2554 post
373 2508 496 2543 obitum
525 2512 628 2556 ipsius
657 2510 866 2547 Monasterio
895 2511 1044 2558 predicto
1083 2515 1114 2545 in
1151 2512 1331 2546 remedium
1371 2513 1479 2545 anime
1516 2522 1574 2545 sue
1610 2509 1807 2544 cederemus
1841 2508 1946 2543 libere
1979 2511 2012 2542 et
