2206 2735
1057 230 1132 264 35.

321 308 408 362 Die
437 326 531 360 Stadt
560 325 671 360 Pilsen
701 326 879 369 bekennet„
923 325 1000 359 dass
1040 326 1092 359 die
1129 336 1196 360 von
1233 325 1306 360 dem
1336 325 1631 360 Unterka'immerer
1669 326 1780 360 Russo
1818 338 1886 361 von
1915 327 2020 361 Lutitz

167 391 209 422 im
239 387 365 422 Namen
393 386 472 421 Karl
500 386 559 421 IV.
596 386 825 432 aufgefordert
863 385 982 420 dessen
1018 385 1282 431 Erstgebornem
1311 386 1455 420 VVenzel
1493 387 1557 420 den
1594 386 1824 431 Homagialeid
1862 388 2020 433 geleistet

169 448 263 483 habe.
294 448 346 482 Dt.
375 450 409 482 iu
438 447 551 482 Pilzna
582 447 674 482 sabb.
705 450 857 494 proximo
885 450 960 492 post
987 446 1008 480 f.
1039 459 1066 481 s,
1096 447 1213 482 Jacobi
1242 448 1397 494 Apostoli
1427 447 1455 481 d.
1489 451 1508 481 i.
1541 448 1600 482 31.
1631 447 1694 481 Juli
1729 448 1837 482 1350.

477 542 552 578 (Aus
578 544 714 577 Privileg.
740 543 812 577 Reg.
837 543 909 570 Boh.
935 543 1067 570 Manusk.
1094 543 1130 569 im
1155 543 1389 569 Landesarchive
1414 552 1440 576 p.
1470 543 1550 577 117.)
1584 561 1586 564 v

1057 697 1134 732 36.

323 774 410 828 Die
439 792 533 828 stadt
560 792 749 827 Leitmeritz
778 792 912 829 erklfirt,
943 793 1021 826 (lass
1051 795 1099 827 sie
1128 804 1195 827 von
1225 793 1297 827 dem
1328 793 1783 827 Landes—[nterliiimmerer
1811 792 1922 827 Russo
1952 803 2019 827 von

168 853 272 887 Lutitz
301 857 343 888 im
373 853 501 888 Namen
528 853 607 888 Karl
636 853 693 888 IV.
724 853 951 898 aufgefordert
981 853 1054 887 dem
1084 853 1361 898 Erstgeborenen
1396 853 1574 887 desselben
1606 853 1750 887 Wenzel
1779 853 1842 887 den
1871 852 1932 887 Eid
1963 853 2021 887 der

166 913 277 948 Treue
303 914 458 959 geleistet
486 914 582 948 habe.
641 914 694 948 Dt.
725 914 949 948 Lutliomeritz
989 912 1131 948 sabbato
1169 917 1322 960 proximo
1353 919 1427 961 post
1465 914 1485 947 f.
1518 925 1545 948 s.
1576 913 1694 948 Jacobi
1723 914 1891 961 Apostoli.
1937 913 1967 947 d.
1999 917 2018 947 i.

169 973 228 1008 31.
259 974 324 1008 Juli
354 974 463 1010 1350.

478 1035 553 1072 (Aue
579 1036 734 1070 Privilegia
758 1036 852 1070 Regni
877 1037 946 1063 Boh.
973 1037 1105 1063 Manusk.
1130 1037 1167 1062 im
1192 1037 1426 1063 Landesarchive
1451 1037 1505 1070 sig.
1533 1035 1593 1062 Vll.
1619 1036 1657 1061 28
1682 1045 1709 1070 p.
1729 1036 1766 1061 63
1782 1035 1815 1062 b:
1841 1035 2021 1070 abgedruckt

580 1089 608 1114 iu
632 1088 735 1115 Pelzl’s
759 1087 831 1115 Karl
856 1089 901 1115 lv,
930 1089 1116 1116 L'rkundenh.
1141 1098 1205 1115 zum
1230 1089 1248 1117 I.
1275 1090 1328 1115 Th.
1353 1098 1381 1123 p.
1403 1089 1465 1123 74.)

1058 1245 1133 1280 37.

719 1329 779 1364 31.
810 1330 885 1364 Julz‘
916 1330 1012 1364 1350
1041 1331 1235 1365 Landrecht
1262 1333 1294 1364 z'n
1327 1331 1469 1364 Olmitsstz.

326 1404 445 1459 Anno
483 1426 604 1460 domini
631 1425 809 1461 Millesimo
838 1426 1092 1461 Trecentesimo
1121 1426 1408 1472 Quinquagesimo
1437 1429 1589 1472 proximo
1618 1424 1766 1459 Sabbato
1799 1428 1875 1471 post
1901 1424 2023 1458 festum

173 1483 260 1519 beati
286 1484 405 1519 Jacobi
432 1486 587 1532 Apostoli
614 1490 645 1522 in
668 1486 839 1533 Colloquio
869 1486 1086 1523 Olomucensi
1112 1487 1234 1522 Coram
1262 1486 1438 1521 Nobilibus
1467 1487 1609 1521 dominis
1639 1486 1793 1520 ι1011311110
1822 1485 1863 1519 de
1884 1484 2025 1520 Crawar

169 1544 360 1580 camerario
390 1546 538 1591 Summo,
567 1547 723 1582 Hersone
752 1548 793 1582 de
820 1548 1017 1583 Lelecouicz
1047 1549 1137 1583 Suda
1166 1553 1199 1583 et
1228 1548 1354 1593 Ogerio
1382 1547 1637 1582 Prothonotario
1667 1547 1772 1581 Terre
1791 1545 2023 1580 Beneficiariis

172 1605 452 1641 Olomucensibus
472 1607 643 1654 Stephano
672 1608 713 1642 de
734 1608 930 1653 Sternberg‚
959 1609 1114 1644 Johanne
1133 1609 1362 1655 Bozcowycz,
1391 1609 1556 1643 Benessio
1580 1608 1621 1642 de
1641 1608 1828 1653 Straznycz
1857 1611 1890 1641 et
1914 1605 2023 1640 Adam

173 1667 215 1700 de
243 1666 378 1713 Cunycz
407 1672 440 1702 et
468 1669 540 1704 aliis
568 1669 715 1714 pluribus
745 1669 897 1704 fidelibus
925 1681 998 1704 cum
1029 1670 1162 1705 domino
1189 1670 1345 1704 Johanne
1373 1669 1415 1704 de
1443 1669 1572 1704 Buzow
1601 1673 1633 1703 et
1660 1670 1785 1702 ceteris
1813 1668 1896 1702 aliis.

332 1727 520 1773 (Olnmtzer
546 1728 719 1763 Landtafel
748 1729 802 1763 lib.
833 1729 857 1764 I.
888 1742 965 1776 pag.
997 1730 1050 1775 7.)

1064 1886 1140 1922 38.

718 1973 749 2006 7.
780 1974 917 2018 Anqust
947 1973 1047 2007 1350
1074 1973 1271 2007 Landrecht
1299 1974 1332 2006 in
1362 1972 1490 2006 Βνϋηη.

329 2046 448 2102 Anno
479 2067 603 2102 domini
638 2067 814 2102 Millesimo
843 2068 1100 2103 Trecentesimo
1128 2068 1414 2116 Quinquagesimo
1443 2067 1589 2102 Sabbato
1618 2069 1771 2113 proximo
1800 2069 1877 2099 ante
1904 2064 2029 2099 festum

178 2127 269 2161 Beati
297 2127 473 2163 Laurencii
502 2128 621 2163 Coram
651 2132 868 2164 serenissimo
897 2132 1049 2176 principe
1078 2129 1212 2164 domino
1232 2129 1386 2164 Johanne
1405 2127 1601 2162 Marchione
1620 2126 1771 2161 Morauie
1800 2129 1833 2160 in
1854 2125 2027 2171 Colloquio

178 2188 367 2223 Brunnensi
395 2194 426 2223 et
454 2192 559 2224 eciam
590 2189 707 2223 Coram
736 2189 908 2225 Nobilibus
946 2193 1028 2224 viris
1059 2191 1201 2225 dominis
1229 2189 1383 2224 Johanne
1412 2189 1453 2224 de
1481 2189 1634 2230 Crawar,
1673 2191 1727 2234 qui
1755 2191 1828 2234 ipso
1857 2186 1909 2220 die
1939 2184 2028 2220 Offi-

178 2251 264 2284 cium
300 2249 507 2285 eameriatus
542 2251 624 2296 (sic)
662 2250 871 2286 Brunneusis
909 2255 1076 2298 suscepit,
1121 2250 1291 2285 Purcardo
1326 2249 1452 2284 comite
1487 2249 1527 2283 de
1563 2249 1729 2291 Mohilna‚
1774 2246 1944 2294 Stephano
1987 2245 2027 2279 de

179 2309 376 2355 8131311018θ
406 2310 583 2346 Czencone
612 2311 652 2345 de
681 2311 772 2358 upa,
802 2311 948 2347 Henrico
977 2313 1017 2347 de
1046 2312 1144 2359 Lipa‚
1183 2311 1371 2346 Theodrico
1410 2310 1519 2357 Spran
1550 2309 1652 2352 811113,
1691 2308 1841 2342 Blodone
1869 2307 1910 2341 de
1939 2305 2029 2340 Cra-

177 2370 253 2416 lycz
287 2369 485 2417 Ceterisque
522 2371 750 2406 Beneficiariis
784 2372 995 2408 Znoimensis
1029 2378 1061 2407 et
1092 2373 1318 2407 Jemnicensis
1360 2374 1607 2418 prouinciarum
1647 2369 1811 2404 Sudarum
1855 2372 1888 2402 et
1931 2377 2028 2412 quam

177 2431 325 2477 pluribus
356 2432 428 2466 aliis
456 2432 620 2467 nobilibus
648 2433 825 2478 fidedignis
854 2438 928 2468 acta
958 2439 1033 2468 sunt
1062 2433 1273 2480 infrascripta
1305 2461 1311 2467 .
1343 2460 1349 2467 .

332 2501 504 2548 (3111111101-
531 2501 704 2537 Landtafel
733 2503 786 2537 lib.
818 2503 843 2537 Ι.
873 2515 903 2549 p.
937 2504 1013 2547 10.)
