2206 2735
1027 41 1074 72 9³0¹

127 156 318 189 l‘resertim.
357 165 430 188 cum
468 156 584 186 ciuitas
620 158 733 186 nostra
763 152 997 198 Znoymensis.
1035 163 1100 197 quc
1129 154 1159 184 in
1190 153 1286 184 metis
1316 149 1565 183 lllaroliionatus·
1596 153 1696 182 nostri
1727 152 1888 183 coiisistit.
1920 160 1978 194 pei·

128 216 352 261 pestilenciam
383 218 415 246 ct
444 213 640 258 cpidcmiam
670 224 728 258 pro
757 213 851 246 dolor
881 216 910 245 in
941 216 1064 245 tantum
1093 215 1134 245 sit
1162 211 1332 244 dcuastata
1363 210 1412 244 bis
1442 213 1600 256 proximis
1632 212 1797 256 preteritis
1817 212 1978 255 tempori-—

128 275 188 309 bus
219 280 248 307 ct
279 274 438 307 desolata.
469 273 552 318 quod
584 276 714 307 nomnsi
746 273 910 306 mediante
930 273 1069 318 speciali
1100 277 1212 306 nosti-c
1237 271 1440 305 liberalitatis
1463 275 1576 315 gracia
1598 274 1713 317 poterit
1735 270 1775 304 ab
1797 270 1979 303 huiusmodi

129 336 360 369 ‹lesu-accione
391 335 543 367 rclcuari.
578 334 679 372 leitur
708 337 881 379 cupientes
911 334 1144 367 condicionem
1175 333 1261 365 dicte
1278 333 1425 365 t'initatis
1447 331 1558 365 sacci-e
1580 332 1760 366 meliorem.
1791 330 1831 363 de
1852 334 1980 363 maturo

131 400 314 429 nostrorum
347 394 486 427 tidelium
517 394 787 427 t‘onsiliariornm
818 395 969 426 consilio.
1002 396 1166 427 uniuersis
1197 398 1226 426 et
1258 392 1408 435 sing-ntis.
1439 395 1676 438 cuiuscumque
1701 392 1906 425 condicionis
1927 394 1982 424 aut

130 461 231 488 >tatus
266 458 423 488 cxistant.
469 460 498 488 et
531 467 572 487 cx
604 454 865 500 qnilmscumqnc
896 457 1005 489 terris,
1036 459 1091 488 aut
1119 455 1199 487 locis
1229 465 1287 487 sen
1319 453 1413 486 bonis
1444 453 1575 489 l'uerint.
1605 456 1657 498 qni
1688 465 1725 487 sc
1753 464 1853 486 causa
1883 463 1977 485 man-

128 519 232 550 sionis
270 520 301 548 ct
330 516 516 549 residencic
546 515 584 548 ad
617 515 775 561 prefatam
805 516 978 547 t'iuitatcm
1007 526 1082 548 cum
1113 514 1211 548 rebus
1240 519 1271 548 et
1302 514 1395 547 bonis
1430 517 1499 547 suis
1529 515 1767 550 transtulerint.
1806 513 1921 547 damus
1951 516 1983 545 et

129 576 358 621 concedimus,
398 577 527 622 plenam
567 581 597 609 ct
626 575 846 609 omnimodam
878 575 1059 609 libertatem
1090 575 1129 609 ab
1160 578 1293 609 instanti
1323 574 1409 609 festo
1439 573 1527 608 beati
1557 573 1705 618 Georgii,
1740 575 1778 608 ad
1809 576 1983 608 continuos

131 642 272 684 quatuor
300 648 406 670 annos
436 638 639 670 duraturam.
678 648 841 682 expresse
869 637 1039 670 volentes.
1083 640 1113 669 ut
1152 635 1247 668 iidem
1284 635 1414 669 aduene
1449 635 1588 668 durante
1623 634 1708 668 dicta
1744 635 1907 670 libertate.
1943 633 1984 666 de

131 698 226 731 bonis
256 702 286 730 et
317 697 415 731 rebus
444 709 482 730 ac
505 697 714 731 l‘atrimoniis
744 700 826 739 suis,
855 708 920 742 que
950 707 1064 730 secum
1094 696 1234 729 all'crunt
1258 700 1312 728 aut
1333 695 1451 729 ibidem
1473 698 1698 740 acquisierint.
1728 695 1834 728 nullas
1854 697 1984 729 contri—

131 758 292 792 bucioncs
331 769 389 791 scu
420 757 608 801 Losungas.
648 769 721 791 cum
752 757 880 803 prefata
910 756 1051 791 Ciuitate
1080 756 1193 790 facere
1222 755 1400 798 debebunt,
1439 756 1480 789 de
1509 755 1747 789 hereditatibus
1777 766 1869 791 uero.
1899 755 1984 800 quod

131 819 228 852 iidem
269 817 386 851 ibidem
420 821 699 862 comparauerant.
735 817 773 851 ad
804 820 906 850 instar
935 817 1073 850 aliorum
1103 828 1238 850 suornm
1268 817 1474 853 Conuiuium,
1505 819 1595 850 iuxta
1626 817 1774 850 Ciuitatis
1803 821 1986 850 consuetu-

132 879 226 912 dines
257 877 466 912 contribuere
497 877 705 911 tenebuntur.
737 877 978 911 Nicbilominus
1012 880 1119 911 eciam
1149 878 1248 911 Ciues
1285 883 1466 912 memorate
1495 878 1645 912 Ciuitatis
1681 882 1807 919 nosti-Q
1846 879 1898 922 qui
1928 888 1986 922 pro

133 951 219 974 nuuc
251 938 389 972 eandem
420 937 613 972 inhabitant.
645 938 740 972 nobis
770 943 800 972 et
830 939 971 972 Camere
1000 943 1126 983 nostre7
1156 939 1298 982 singulis
1327 941 1435 979 annis.
1466 950 1599 984 semper
1627 941 1659 972 in
1690 938 1775 972 sesto
1797 937 1832 970 13.
1852 936 1987 981 Georgii

131 1000 303 1033 duntaxat.
333 1004 465 1032 centum
496 1001 743 1044 quinquaginta-
764 1010 892 1033 marcas
921 998 1089 1032 debebunt
1118 1001 1250 1034 nomine
1279 1010 1404 1032 census
1435 1010 1495 1032 sue
1512 998 1674 1036 Ciuitatis,
1704 999 1837 1032 soluere
1865 1002 1898 1032 et
1918 1008 1989 1031 ex-

133 1060 259 1106 pedire.
289 1070 394 1105 usque
424 1059 463 1092 ad
493 1062 746 1105 expiracionem
777 1059 936 1093 libertatis
965 1059 1166 1105 supradicte.
1214 1059 1250 1093 In
1280 1071 1417 1105 quorum
1455 1062 1692 1105 premissorum
1720 1060 1929 1092 euidenciam
1957 1062 1990 1092 et

134 1120 246 1162 robur,
282 1124 458 1165 presentes
488 1118 570 1161 liei-i,
609 1124 642 1153 et
680 1120 778 1164 sigilli
816 1123 920 1154 nostri
959 1123 1139 1154 munimine
1176 1123 1333 1154 iussimus
1371 1122 1578 1155 communiri.
1636 1119 1754 1153 Datum
1786 1119 1907 1161 bruno,
1937 1119 1990 1153 die

136 1182 171 1215 B.
203 1180 332 1214 Tliome
363 1180 526 1226 Apostoli.
567 1181 667 1214 Anno
697 1180 827 1214 Domini
857 1181 1033 1215 lllillesimo
1064 1181 1314 1215 Trecentesimo
1349 1183 1625 1226 quinquagesimo
1654 1183 1769 1226 primo.

447 1257 541 1292 (Orig.
566 1259 603 1283 im
629 1259 756 1285 Archive
780 1260 831 1285 der
856 1260 940 1285 stadt
964 1258 1089 1297 znaim.)

1018 1406 1120 1441 134.

140 1496 248 1539 I'opst
279 1496 431 1529 Clemens
469 1496 522 1530 t'l.
551 1500 718 1540 yeslattet
747 1498 819 1530 dem
849 1509 912 1531 neu
941 1497 1128 1531 era-‹ilelten
1161 1498 1334 1530 Olmiitzer
1354 1497 1518 1540 Bi'sclmfe
1546 1497 1619 1530 siclo
1647 1508 1712 1530 von
1740 1498 1860 1540 irgseutl
1887 1499 1993 1529 vinem

140 1556 368 1599 Erz-be'scleofe
406 1556 493 1589 uncle
529 1558 644 1590 see'ner
680 1559 822 1601 eiyenen.
863 1558 964 1593 tsts'alil
995 1561 1212 1592 eonsecrz'ren
1249 1570 1291 1591 ῑ-ιι
1328 1558 1453 1591 las-seu.
1511 1558 1570 1591 De.
1608 1559 1763 1602 Am'ymm
1802 1557 1868 1592 III.
1911 1557 1989 1590 li'al.

707 1618 874 1652 ,Ianuarii
899 1620 929 1652 d.
961 1621 982 1652 i.
1012 1619 1072 1652 30.
1104 1619 1294 1653 December
1324 1618 1432 1652 1351.

298 1691 474 1745 (llemens
505 1711 690 1758 Episcopus
720 1713 850 1749 Servus
888 1715 1071 1749 Servorum
1110 1715 1172 1749 Dei
1206 1715 1338 1749 Dilecto
1371 1714 1436 1749 filio
1468 1714 1612 1748 Jobanni
1647 1714 1765 1748 Electo
1800 1714 1993 1748 Oloniucen.

144 1771 290 1805 Salutem
320 1777 349 1805 et
384 1774 609 1818 Apostolicam
641 1774 924 1809 Benedictionem.

300 1832 379 1865 Cum
416 1845 477 1867 nos
516 1834 641 1880 pridem
679 1835 832 1869 Ecclesie
871 1836 1067 1871 Olomucen.
1107 1840 1250 1883 pastoris
1288 1839 1452 1881 regimine
1491 1837 1644 1870 destitute
1681 1836 1721 1870 de
1761 1847 1903 1882 persona
1942 1841 1994 1868 tua

146 1892 242 1926 nobis
272 1898 302 1925 et
332 1892 486 1927 fratribus
516 1898 638 1928 nostris
670 1900 795 1930 tuorum
832 1899 1001 1941 exigentia
1038 1900 1229 1931 meritorum
1269 1901 1406 1942 accepta
1437 1897 1477 1930 de
1513 1896 1648 1930 fratrum
1682 1896 1872 1930 eorumdem
1909 1907 1996 1929 con-—

148 1953 219 1986 silio
250 1953 443 1987 duxerimus
474 1955 713 1999 providendum
744 1957 947 2002 preficiendo
977 1962 1007 1991 te
1036 1959 1078 1991 illi
1108 1961 1139 1992 in
1174 1957 1375 2003 Episcopum
1409 1962 1439 1991 et
1471 1957 1655 1997 Pastorem„
1685 1961 1779 2003 prout
1812 1960 1842 1990 in
1877 1959 1996 1990 nostris

148 2013 224 2046 inde
252 2013 414 2047 consectis
444 2015 546 2048 literis
577 2016 704 2061 plenius
733 2020 931 2052 continetur.
971 2018 1039 2052 Nos
1075 2022 1137 2052 tuis
1173 2017 1468 2064 supplicationibus
1504 2018 1661 2060 inclinati.
1698 2017 1752 2050 tibi
1788 2021 1820 2050 at
1858 2029 1874 2049 a
1909 2028 1997 2061 quo-

150 2085 290 2118 cumque
321 2075 474 2108 malueris
503 2076 666 2110 catholico
697 2079 854 2111 Antistite
883 2082 1022 2123 gratiam
1053 2083 1085 2112 et
1113 2082 1379 2112 communionem
1408 2079 1593 2124 apostolice
1622 2077 1710 2112 sedis
1740 2077 1900 2116 habente.
1938 2088 1998 2111 as-

150 2137 223 2167 citis
255 2139 284 2167 et
315 2137 345 2167 in
375 2133 438 2168 hoc
467 2134 526 2168 sibi
557 2137 790 2171 assistentibus
820 2138 947 2173 duobus
978 2139 1030 2173 vel
1060 2139 1162 2173 tribus
1191 2138 1371 2173 Catholicis
1402 2139 1596 2185 Episcopis‚
1631 2138 1769 2172 similem
1798 2141 1939 2182 gratiam
1968 2142 1999 2171 et

150 2194 415 2228 conumiiiionem
445 2195 653 2230 habentibus.
684 2209 801 2231 munus
831 2203 1093 2234 esmsecrationis
1122 2202 1274 2245 recipere
1304 2200 1431 2233 valeas.
1462 2205 1492 2233 et
1519 2200 1624 2233 eidem
1646 2200 1808 2233 Antistiti.
1829 2203 1863 2232 ut
1883 2209 1999 2231 munus

151 2254 333 2299 predictum
372 2259 568 2290 auctoritate
613 2262 724 2291 nostra
766 2260 959 2305 impendere
1002 2259 1105 2294 libere
1140 2259 1194 2294 tibi
1230 2263 1346 2306 possit.
1380 2260 1510 2305 plenam
1547 2264 1579 2293 et
1611 2258 1746 2292 liberam
1787 2258 1999 2292 concedimus

154 2319 270 2347 tenore
298 2319 499 2358 presentium
531 2317 733 2352 facultatem.
763 2319 924 2354 Volumus
953 2325 1074 2354 autem.
1104 2321 1189 2366 quod
1220 2321 1303 2354 idem
1334 2321 1495 2354 Antistes.
1526 2322 1579 2365 qui
1609 2318 1662 2352 tibi
1693 2320 1853 2364 prelatum
1883 2330 2000 2352 munus

155 2374 332 2419 impendet.
363 2380 533 2421 postquam
564 2378 637 2411 illud
669 2378 722 2412 tibi
752 2381 957 2425 impenderit.
989 2393 1005 2414 a
1036 2387 1066 2415 te
1096 2385 1209 2414 nostro
1239 2387 1269 2413 et
1299 2381 1443 2414 ecclesie
1480 2380 1632 2413 Romane
1669 2384 1800 2413 nomine
1836 2379 2000 2413 fidelitatis

155 2434 265 2468 debite
294 2436 420 2469 solitum
452 2441 589 2482 recipiat
620 2442 835 2473 iuramentum
866 2444 956 2475 iuxta
985 2441 1134 2475 formam.
1165 2453 1260 2487 quam
1291 2442 1346 2474 tibi
1376 2441 1433 2474 sub
1465 2440 1546 2473 bulla
1578 2445 1691 2474 misti-a
1713 2444 1865 2474 mittimus
1895 2443 2002 2474 inter-

158 2494 294 2527 elusam.
327 2507 364 2528 ac
394 2495 530 2529 formam
562 2502 732 2532 iuramenti
763 2501 847 2543 quod
879 2506 910 2535 te
947 2507 1098 2547 prestare
1133 2504 1307 2540 contigerit
1348 2500 1443 2534 nobis
1481 2501 1521 2533 de
1558 2500 1660 2534 verbo
1696 2500 1734 2534 ad
1772 2500 1907 2534 verbum
1945 2512 2004 2546 pcr
