2206 2735
1081 43 1118 76 Η
1170 94 1176 97 ᾖ

175 158 310 193 serimus
342 162 420 202 ipsis
453 156 621 189 Frideriro
651 161 680 189 vt
714 155 854 189 lilurtino
892 166 1006 188 eorum
1041 161 1071 188 ci
1112 155 1292 190 herodibus
1328 155 1498 189 tabernam
1543 155 1677 190 tilwram
1716 158 1786 190 iure
1823 156 2026 191 hereditario

176 223 205 252 in
236 220 351 251 vadem
384 218 457 250 xilla
489 217 683 252 lialwndum.
723 221 754 250 vt
783 222 979 262 potestatem
1011 216 1146 250 liberum
1176 216 1216 250 ab
1247 219 1326 262 ipsis
1356 217 1597 250 collocandam.
1655 217 1780 251 Damus
1810 221 1915 252 eciam
1946 221 2026 264 ipsis

175 283 410 325 prenominatis
442 282 569 322 pratum
599 278 760 322 quoddam
791 280 880 311 circa
910 277 1050 311 eandem
1082 278 1191 311 villam
1222 277 1282 311 suli
1312 277 1427 311 rubeto
1466 277 1584 311 ibidem
1624 279 1752 319 vulgari
1789 281 1922 312 nomine
1957 290 2025 313 no—

175 345 296 373 minato
328 339 538 383 l‘yrvlilviteu
569 343 728 383 perpetue
757 350 796 371 ac
827 338 1026 371 hereditarie
1055 337 1252 371 habendum.
1290 338 1330 370 de
1368 349 1431 383 quo
1471 338 1567 371 michi
1598 338 1774 372 famulatus
1803 340 1931 384 aliquos
1960 350 2028 373 ex—

175 402 288 434 Ιιιίιυιηἱ
318 401 526 432 tom-imnum:
558 399 747 432 Tribuinms
776 402 882 432 eciam
913 401 994 443 ipsis
1022 398 1191 432 Fridericn
1212 403 1245 431 vt
1267 399 1416 432 Martini».
1449 410 1562 432 eorum
1583 403 1615 431 et
1644 399 1834 434 heredibus.
1865 400 2026 433 decimam

175 462 322 493 enisslvm
353 461 429 492 ville
460 461 634 493 inducendi
663 465 693 491 et
723 459 797 492 alibi
829 470 893 492 non
923 459 1063 492 ducendi
1094 470 1153 504 per
1183 462 1271 504 ipsos
1304 459 1473 504 predictos
1495 464 1549 492 aut
1568 470 1682 493 eorum
1705 460 1880 506 plebanum
1903 465 2026 494 tantum

175 522 212 555 ad
244 525 386 565 ipsorum
419 520 570 554 borreum
601 519 814 553 straminibus
844 524 877 553 et
905 519 1020 564 palleis
1049 519 1168 553 ibidem
1199 521 1351 554 omnibus
1382 520 1526 554 relictis.
1567 520 1695 564 plenum
1726 526 1757 554 et
1795 520 1931 555 liberam
1963 532 2028 567 ρο-

175 587 338 615 testatem.
373 579 406 615 ln
436 586 529 614 mlius
559 584 604 614 rei
636 583 858 613 testimonium
889 579 1041 615 euidens.
1071 580 1252 625 sepedicti<
1283 580 1454 614 Fridei·ico
1485 585 1515 613 ot
1547 580 1700 618 Mai-tino,
1730 593 1843 615 eorum
1874 593 1913 615 ac
1942 593 2026 615 snc-

174 643 365 677 cessoribus
396 637 606 687 presentibus
636 646 669 674 et
697 640 813 674 suturis
842 651 984 686 presens
1006 640 1172 685 Scriptum
1194 640 1422 675 fauorabilitei·
1443 644 1547 675 nostri
1570 639 1667 685 sig-illi
1688 642 1827 676 fecimus
1847 645 2028 676 munimine

174 704 334 738 roborari.
379 705 496 736 Actum
537 708 569 735 et.
606 702 714 735 datum
750 712 837 734 anno
875 701 996 735 domini
1034 701 1224 741 Millesimo,
1260 706 1508 739 trecentesimo,
1547 705 1836 748 quinquagesimo,
1874 705 2027 749 proxima

176 764 258 798 seria
288 769 385 798 sexta
415 768 489 809 post
517 762 714 795 dominicam
744 762 846 802 Quasi
876 761 973 795 modo
1001 765 1116 800 geniti.

483 849 636 884 (Einfacho
662 849 750 883 Pupi-¹
773 857 823 873 nus
848 849 911 873 dem
937 849 1011 875 xvt.
1036 849 1138 875 Jalirli.
1163 850 1199 875 im
1226 850 1345 876 Kioster
1369 859 1403 876 zu
1429 850 1619 877 Nem-euseb)

1064 997 1137 1032 20.

163 1094 269 1129 Pahst
303 1095 455 1128 Clemens
491 1093 546 1128 VI.
577 1093 775 1136 beanslraqt
805 1093 866 1125 den
897 1091 965 1126 Ab!
993 1103 1057 1126 von
1089 1092 1219 1127 Geras.
1255 1092 1318 1126 den
1348 1092 1451 1126 Prior
1479 1093 1537 1126 des
1570 1092 1958 1137 Hi'mmelpsortltloslers
1985 1095 2019 1127 in

169 1156 265 1190 tt'ien
303 1155 369 1188 mid
401 1155 463 1188 den
499 1154 621 1188 Probsl
659 1166 721 1187 ron
763 1153 876 1186 Rri't'nn
911 1153 973 1186 den
1012 1152 1124 1187 Slreil
1163 1152 1328 1186 z-ict'schen
1365 1153 1438 1186 dem
1472 1153 1676 1187 Slralmwer
1717 1154 1808 1186 Abte
1846 1155 1911 1186 mid
1948 1155 2021 1186 {lt’m

166 1216 377 1250 obi-oecitz-er
406 1216 548 1249 Ii'loster
577 1214 751 1259 beziiylicli
781 1215 842 1247 der
871 1213 1036 1247 Ablwah!
1063 1225 1103 1247 zu
1138 1214 1366 1247 eiilsclwiden.
1411 1213 1466 1247 Di,
1498 1214 1655 1257 Amynan
1687 1213 1743 1248 15.
1775 1214 1881 1258 April
1911 1214 2020 1248 1350.

323 1293 499 1345 Clemens
534 1311 725 1357 Episcopus
756 1311 886 1344 Servus
917 1310 1097 1343 Servorum
1135 1309 1197 1343 Dei
1229 1309 1367 1343 Dilectis
1397 1309 1489 1344 Filiis
1511 1337 1518 1344 .
1541 1337 1548 1344 .
1586 1309 1709 1343 Abbati
1738 1309 1903 1344 Jerocens
1932 1314 1993 1344 et.
2015 1337 2022 1344 .

169 1373 272 1407 Priori
304 1373 464 1407 Porteceli
494 1376 525 1406 in
555 1372 680 1406 Wiena
709 1382 748 1405 ac
769 1400 775 1405 .
798 1400 804 1405 .
827 1371 1002 1417 Preposito
1033 1371 1195 1405 Bernens.
1226 1381 1286 1416 per
1314 1370 1462 1404 Priorem
1493 1375 1525 1404 et
1553 1370 1763 1416 Prepositum
1793 1371 1923 1405 solitum
1952 1383 2022 1415 gu-

170 1434 302 1468 bernari
333 1434 609 1467 Monasteriorum
640 1433 818 1467 Pataviens
849 1432 933 1466 dioc.
965 1432 1113 1466 Salutem
1143 1436 1175 1465 et
1202 1431 1431 1476 Apostolicam
1462 1430 1747 1464 Benedictionem.

325 1494 437 1540 Nuper
479 1495 617 1528 dilectus
660 1493 745 1527 silius
788 1493 1020 1527 Tlieodoricus
1056 1492 1097 1525 de
1131 1479 1230 1538 Bysa*
1252 1492 1442 1525 Canonicus
1472 1491 1665 1525 Monasterii
1695 1491 2021 1526 Zabbarduwicens.

173 1554 385 1588 Olomucens.
404 1555 500 1601 dyoc.
519 1555 644 1588 ordinis
663 1554 964 1588 Prenionstratens.
983 1553 1155 1598 proposuit
1184 1555 1214 1586 in
1233 1552 1438 1585 Consistorio
1467 1562 1581 1585 coram
1612 1551 1707 1585 nobis
1733 1552 1818 1596 quod
1839 1552 1916 1585 licet
1944 1553 2020 1586 olim

173 1620 317 1649 vacante
346 1615 431 1648 dicto
461 1614 665 1648 Mouasterio
694 1625 754 1660 per
782 1613 902 1647 obitum
935 1613 1081 1646 Gotzalsi
1109 1612 1249 1646 Abbatis
1279 1612 1355 1645 dicti
1387 1610 1582 1646 Monasterii
1613 1615 1717 1646 maior
1745 1616 1778 1646 et
1805 1616 1917 1646 sanior
1946 1624 2023 1659 pars

173 1676 322 1710 eiusdem
352 1675 547 1710 Monasterii
577 1675 727 1709 dilectum
759 1674 855 1708 lilium
886 1674 1113 1707 Hei-mannum
1143 1673 1183 1706 de
1204 1672 1450 1706 Rennenbercli
1473 1672 1675 1706 Canonicum
1705 1675 1808 1718 ipsius
1830 1673 2023 1707 Monasterii

171 1748 231 1783 per
259 1739 349 1769 viam
377 1738 607 1781 compromissi
637 1738 800 1769 canonice
829 1734 1024 1779 elegissent.
1056 1738 1086 1768 et
1115 1733 1233 1767 deinde
1263 1738 1325 1766 tam
1356 1733 1568 1766 Hermannus
1598 1744 1694 1778 quam
1717 1733 1910 1767 Conventus
1939 1745 2022 1779 pre-

171 1798 246 1831 dicti
276 1801 350 1843 post
378 1808 580 1830 consensum
609 1808 669 1842 per
697 1799 804 1842 ipsum
824 1795 1050 1829 Hermannum
1080 1794 1118 1828 ad
1140 1797 1329 1828 instantiam
1352 1797 1498 1839 ipsorum
1520 1793 1716 1827 Conventus
1738 1794 1845 1827 eidem
1866 1795 2020 1829 electioni

169 1858 318 1903 legitime
352 1860 522 1903 prestitum
551 1858 749 1891 electionem
779 1855 965 1890 huiusmodi
985 1866 1008 1888 a.
1036 1855 1154 1889 dilecto
1184 1855 1248 1889 silio
1278 1855 1374 1888 Petro
1404 1854 1534 1888 Abbate
1562 1853 1757 1888 Monasterii
1788 1854 2018 1889 Strahomens.

170 1918 246 1952 dicti
276 1918 409 1952 Ordinis
439 1917 598 1962 Pragens.
628 1917 724 1951 Dioc.
754 1916 851 1950 Patre
870 1915 1003 1951 Abbate
1032 1916 1108 1950 dicti
1137 1914 1329 1949 lilonasterii
1352 1914 1672 1948 Zabbarduwicens.
1695 1914 1734 1947 ad
1764 1925 1860 1960 quem
1890 1914 2021 1948 confir-

168 1983 269 2013 matio
298 1980 470 2013 electionis
499 1978 683 2012 huiusmodi
714 1989 757 2012 ex
785 1980 942 2011 institutis
971 1977 1047 2010 dicti
1084 1976 1208 2011 ordinis
1236 1978 1385 2009 noscitur
1422 1977 1591 2020 pertinere
1628 1973 1817 2008 confirmari
1854 1974 2020 2009 humiliter

169 2043 355 2086 petiissent.
386 2039 539 2084 dictoque
570 2039 655 2073 Patri
686 2039 806 2072 Abbati
836 2039 876 2072 de
904 2038 1097 2083 ydoneitate
1126 2047 1271 2083 persone
1299 2038 1401 2081 ipsius
1432 2035 1536 2069 Electi
1573 2040 1605 2068 et
1642 2034 1826 2069 huiusmodi
1862 2035 2019 2070 electioni

170 2100 340 2134 Canoniea
371 2100 515 2142 legitime
541 2104 756 2133 constitisset.
779 2104 850 2145 ipse
871 2104 934 2132 tam
956 2099 1151 2132 electionem
1178 2100 1282 2142 ipsam
1303 2093 1503 2130 confirmare
1523 2100 1638 2129 contra
1660 2098 1815 2129 iustitiam
1835 2100 2018 2140 recusavit,

169 2172 209 2196 ac
238 2162 390 2195 dilectum
412 2161 511 2194 filiuni
532 2160 718 2194 Hinkonem
745 2161 784 2193 de
805 2158 973 2204 Blaschyn
996 2158 1199 2192 Canonicum
1219 2156 1413 2191 Monasterii
1435 2156 1578 2191 Silcens.
1600 2157 1675 2190 dicti
1705 2156 1830 2190 ordinis
1852 2156 2016 2202 Pragens.

169 2222 267 2267 dyoc.
296 2225 458 2255 minorem
488 2223 583 2254 annis
621 2224 653 2253 et
690 2221 771 2254 alias
808 2219 977 2264 indignum
1015 2222 1047 2253 in
1087 2219 1207 2252 eodem
1234 2217 1437 2252 Monasterio
1476 2228 1534 2263 pro
1573 2227 1633 2251 sue
1668 2217 1847 2251 voluntatis
1884 2218 2018 2252 arbitrio

169 2284 320 2328 quamvis
341 2281 381 2314 de
402 2280 489 2314 sacto
511 2283 651 2313 intrusit.
682 2285 714 2313 et
742 2291 800 2325 per
829 2280 1015 2313 secularem
1045 2281 1233 2325 potenciam
1262 2278 1382 2312 intrudi
1413 2281 1605 2323 procuravit
1633 2289 1673 2311 ao
1701 2277 1781 2311 secit
1800 2282 1935 2324 propter
1954 2289 2019 2324 que

168 2353 229 2389 pro
257 2347 350 2388 parte
379 2341 483 2375 Electi
513 2345 545 2374 et
574 2340 767 2374 Conventus
796 2341 1017 2386 predictorum
1054 2340 1094 2373 ad
1134 2339 1248 2373 sedem
1286 2340 1501 2384 apostolicam
1538 2337 1597 2371 fuit
1625 2338 1835 2383 appellatum,
1865 2339 2018 2384 quodque

168 2403 318 2449 prefatus
346 2401 456 2436 Hinko
486 2403 534 2434 sic
572 2404 718 2434 intrusus
756 2401 944 2434 Canonicos
978 2405 1011 2434 et
1046 2400 1252 2433 Conveniam
1289 2400 1362 2433 dicti
1399 2399 1591 2432 Monasterii
1628 2409 1688 2444 per
1723 2401 1788 2432 vim
1828 2403 1861 2432 et
1895 2404 2016 2433 metum

168 2466 280 2508 coegit
309 2462 348 2496 ad
379 2461 440 2496 sibi
469 2460 690 2495 obedientiam
719 2459 905 2494 faciendam
935 2472 973 2494 ac
1004 2460 1088 2494 bona
1119 2460 1249 2494 mobilia
1279 2465 1309 2493 et
1348 2459 1525 2494 immobilia
1563 2459 1638 2493 dicti
1670 2458 1863 2493 Monasterii
1901 2460 2018 2493 multi-

168 2525 298 2571 pliester
326 2523 515 2558 devastavit
543 2526 575 2555 et
603 2521 805 2567 dilapidavit.
834 2533 898 2555 nec
926 2532 992 2555 non
1021 2521 1179 2567 quosdam
1207 2531 1266 2566 pro
1296 2523 1423 2565 magnis
1452 2523 1665 2566 pecunioruni
1693 2522 1829 2555 summis
1857 2519 2018 2565 obligavit
