2206 2735
166 147 244 179 riori
273 144 366 179 stuba
395 144 503 178 balnei
532 147 602 178 suis
631 144 776 179 denariis
804 144 947 178 emendo
988 146 1049 176 rite
1077 147 1109 175 et
1138 141 1381 176 racionabiliter
1407 161 1440 177 c„
1608 171 1633 176 ..
1670 153 1774 187 igitur
1807 153 1868 177 nos
1897 145 2009 176 inten—

166 205 282 239 dentes
311 208 341 238 in
371 204 498 238 laudeni
528 203 602 240 Dei.
631 204 803 239 commoda
833 207 980 239 virorum
1016 203 1247 247 religiorosum
1283 207 1315 236 et
1349 205 1538 237 nominatim
1571 202 1809 237 cruciferorum
1843 202 2009 237 dilatando

165 266 313 311 ampliari
341 275 384 298 ex
414 267 519 298 nostri
547 268 751 311 principatus
781 264 1013 299 lllunilicencia
1049 263 1185 310 speciali
1222 263 1371 297 dedimus
1403 267 1435 297 et
1469 264 1655 298 voluntarie
1693 263 1892 297 contulimus
1927 273 2011 309 pre-

165 326 283 360 dictum
313 336 462 360 censum.
491 325 644 359 videlicet
675 337 772 359 unani
802 324 947 359 Marcam
977 329 1006 359 et
1037 324 1222 369 ‹piimlecini
1253 324 1376 358 Srotos
1408 334 1601 368 grossorum
1638 335 1738 371 super
1772 323 1918 369 predicta
1954 326 2010 357 in-

164 386 277 420 fcriori
307 385 402 419 stuba
432 385 573 419 Domino
602 385 745 418 johanni
777 385 1042 419 Comnwndatori
1072 390 1105 418 et
1132 388 1201 419 suis
1230 383 1452 418 ronl'ratrilnts
1480 388 1514 417 et
1541 387 1686 429 ipsorum
1723 384 1833 418 donini
1867 387 1898 417 et
1932 394 2010 417 om—

163 445 260 480 nibus
290 449 433 491 ipsorum
465 449 494 479 in
524 445 639 478 exulem
670 445 766 478 ‹lomo
796 445 1049 479 successoribus
1079 445 1182 479 libere
1210 450 1240 478 et
1270 449 1428 490 perpetue
1457 445 1703 490 percipiendum
1737 444 1876 488 singulis
1912 446 2009 477 annis

163 511 195 540 et
223 506 412 540 tollendum.
444 506 691 552 possidendum.
723 506 946 543 vendemlum,
976 505 1241 540 cmumutandum
1271 510 1303 538 et
1332 507 1362 538 in
1393 507 1537 550 ipsorum
1566 515 1646 538 usus
1667 504 1893 550 beneplacitos
1921 514 2009 537 con-

163 567 357 601 vertendum
388 566 622 612 impedimento
651 565 794 611 quolibet
823 569 902 611 ipsis
932 578 949 600 a
979 566 1075 600 nobis
1104 571 1137 600 ct
1165 568 1286 600 nostris
1315 564 1584 601 successorihus,
1614 576 1631 598 a
1660 565 1849 598 consulibus
1878 569 1934 598 aut
1953 567 2007 597 ci-

162 626 258 661 vibus
287 630 317 661 in
349 626 509 671 Goltherg
538 626 705 660 modernis
735 627 789 660 vel
819 626 934 660 suturis
962 627 1147 660 nullatenus
1175 630 1384 659 occurrente.
1414 624 1451 658 In
1481 636 1618 670 quorum
1647 628 1790 658 omnium
1816 628 2006 658 memoriam

161 692 193 721 et
222 688 431 721 evidenciam
461 690 646 721 cerciorein
677 689 758 734 ipsis
788 692 975 732 presentem
1006 686 1155 720 dedimus
1185 687 1312 720 literam
1342 688 1445 719 nostri
1467 685 1564 730 sigilli
1586 688 1789 731 appensione
1809 685 2006 719 roboratam.

161 747 283 782 Actum
312 752 343 781 et
372 747 480 781 datum
511 751 541 780 in
572 746 732 791 Goltberg
764 747 861 780 Anno
893 747 1021 781 Domini
1052 746 1228 780 Millesimo
1261 746 1514 780 Trecentesimo
1552 748 1826 791 quinquagesimo
1864 746 2010 779 secundo

162 807 245 842 infra
275 813 414 841 octavas
444 807 626 840 Trinitatis.
657 806 867 852 presentibus
897 806 1047 841 fidelibus
1078 810 1200 841 nostris
1231 807 1371 840 Domino
1401 806 1546 840 Ilcnrice
1584 806 1625 839 de
1660 805 1877 842 Laudiscroin
1914 805 2009 839 llen—

160 867 250 902 kone
279 867 318 901 de
347 867 533 901 Czedelicz.
565 866 738 911 tlariungo
767 866 808 900 de
838 867 951 900 Sultzc
981 867 1147 904 militibus,
1177 867 1363 901 Friczcone
1392 867 1432 900 de
1461 866 1677 901 Lamliscron.
1708 866 1868 899 llancono
1888 865 2010 911 Eugit-

161 932 246 973 geri.
278 928 447 974 Stephano
477 927 631 962 Trachon
661 932 691 961 et
721 927 862 961 Domino
891 927 1029 962 Nicolao
1058 927 1199 974 plebano
1236 930 1267 961 in
1302 926 1569 961 Williehnsdorll'
1600 931 1712 961 nostro
1749 926 2010 972 prothonotarioq

161 992 215 1035 qui
245 991 417 1035 presencia
447 987 559 1022 habuit
588 991 619 1022 in
648 991 826 1022 commisso
855 993 887 1022 et
917 989 988 1022 aliis
1018 990 1125 1022 multis
1156 988 1218 1022 fide
1247 988 1367 1033 dignis,

468 1073 619 1113 (Eiufaclie
645 1075 793 1101 Absetirift
818 1075 845 1101 in
870 1075 920 1101 der
945 1076 1011 1101 1300.
1038 1075 1173 1107 Sammlg.
1200 1075 1249 1102 ΧΓ.
1276 1076 1358 1101 3148
1383 1076 1419 1101 ini
1444 1071 1704 1114 Landesarchive.)

1039 1230 1141 1265 163.

161 1317 298 1351 ,ΙοΙιηηη
329 1316 517 1362 Marqurof
539 1328 600 1351 ron
630 1316 774 1350 Mahren
801 1317 873 1361 9511!
902 1319 996 1350 scine
1027 1317 1257 1362 Zustimmimg]
1286 1329 1346 1351 zm·
1375 1317 1591 1362 Schenltimy.
1620 1317 1747 1351 welche
1772 1317 1815 1351 K.
1837 1317 1928 1351 Isara
1945 1317 1964 1351 Ι
1973 1316 2006 1352 V.

159 1380 218 1412 mit
246 1378 309 1412 den
340 1377 491 1421 Do‘rfern
524 1369 685 1412 Cernz'lov
713 1380 780 1411 etc.
810 1377 873 1411 den
893 1377 1154 1411 Mansu’onarz‘en
1174 1379 1208 1411 in
1229 1378 1323 1422 Praq
1343 1377 1488 1412 maclzte.
1521 1378 1579 1413 De.
1596 1377 1695 1423 Iylan
1717 1377 1775 1411 13.
1796 1377 1881 1411 Juuz'
1899 1377 2010 1411 1352.

321 1453 515 1507 «lohannes
545 1472 605 1506 Dei
633 1475 748 1517 gracia
777 1471 926 1507 Marchio
955 1472 1108 1507 Moravic
1142 1477 1253 1507 notum
1289 1473 1428 1508 facimus
1458 1478 1574 1507 tenore
1594 1475 1805 1520 presencium
1832 1474 2010 1506 universis.

161 1534 244 1574 Quia
285 1534 529 1568 Serenissimus
574 1544 613 1567 ac
651 1533 894 1567 lnvictissimus
940 1533 1099 1579 Princeps
1135 1537 1168 1567 et
1205 1533 1364 1568 Dominus
1409 1533 1571 1568 Dominus
1607 1533 1751 1568 Karolus
1788 1533 2013 1567 Romanorum

160 1604 294 1640 semper
322 1594 496 1639 Augustus
525 1598 557 1628 et
586 1593 722 1627 Boemie
750 1593 826 1628 Rex
855 1593 974 1628 dudum
1009 1593 1049 1627 ad
1082 1593 1211 1628 laudem
1246 1594 1393 1639 gloriose
1431 1594 1580 1639 Virginis
1617 1594 1797 1628 Genitricis
1826 1593 1887 1627 Dei
1925 1592 2015 1626 deli-

158 1654 339 1689 beracione
368 1654 507 1701 provida
535 1658 569 1688 et
596 1665 678 1688 sano
707 1653 911 1700 precedente
939 1655 1080 1688 consilio
1109 1654 1302 1689 honorabile
1330 1654 1513 1700 Collegium
1543 1655 1756 1689 Precentoris
1792 1659 1824 1688 et
1858 1652 2013 1687 Mansio-

159 1717 326 1749 nariorum
356 1715 455 1749 Chori
485 1714 610 1748 Sancte
638 1713 744 1748 Marie
771 1717 804 1748 in
832 1714 988 1748 Ecclesia
1018 1714 1273 1761 Metropolitana
1304 1715 1465 1760 Pragensi
1498 1718 1559 1750 rite
1593 1715 1718 1749 dotavit
1738 1720 1771 1749 et
1790 1714 1917 1749 eisdem
1947 1713 2013 1748 ho-

160 1774 363 1809 norabilibus
392 1778 472 1809 viris
501 1775 692 1809 Precentori
721 1779 753 1808 et
781 1774 1020 1809 Mansionariis
1050 1775 1230 1819 majoribus
1267 1781 1301 1810 et
1336 1776 1516 1810 minoribus
1553 1776 1593 1810 ad
1632 1786 1724 1810 usum
1762 1780 1795 1809 et
1829 1784 2011 1820 congruam

161 1838 446 1870 sustentacioneni
475 1838 633 1882 ipsorum,
663 1839 696 1868 ut
724 1845 764 1869 eo
793 1834 928 1869 liberius
965 1835 1094 1870 Divinis
1131 1840 1269 1882 possent
1305 1848 1430 1870 vacare
1466 1836 1595 1880 officiis,
1631 1847 1695 1882 quo
1732 1836 1794 1870 sihi
1829 1835 1870 1869 de
1905 1835 2012 1879 Regie

160 1895 373 1941 benignitatis
402 1896 586 1930 clemencia
615 1898 784 1930 senserint
811 1895 1062 1930 habundancius
1091 1896 1164 1931 fore
1193 1900 1373 1942 provisum,
1403 1897 1487 1931 infra
1518 1900 1640 1943 scripta
1669 1897 1766 1939 bona,
1796 1900 1873 1942 puta
1903 1894 2011 1929 Czer-

161 1956 299 2002 nyelow
328 1961 360 1990 et
387 1956 535 2002 Jasseny
564 1956 660 1990 villas
689 1968 706 1989 a
736 1955 835 1990 nobili
866 1956 1029 2002 Hyncone
1058 1957 1098 1991 de
1127 1956 1263 1991 Nachod
1293 1963 1325 1991 et
1355 1958 1488 1992 Solnicz
1517 1959 1628 1992 villam
1666 1956 1706 1991 ab
1734 1956 1855 1991 Ottone
1884 1955 2011 1989 Panni-

162 2016 235 2050 cida
263 2015 362 2050 Curie
389 2016 568 2061 Pragensis
598 2021 628 2050 et
659 2015 795 2050 Lhotam
823 2017 935 2050 villam
965 2028 983 2050 a
1012 2017 1212 2064 Raymundo
1241 2018 1282 2052 de
1320 2018 1514 2057 Costomlat„
1548 2021 1638 2064 juste
1673 2019 1856 2063 empcionis
1895 2016 2009 2062 tytulis

162 2082 382 2123 comparatas„
411 2081 509 2123 prout
537 2076 665 2122 prefate
693 2077 772 2111 ville
800 2081 833 2110 et
862 2088 974 2111 earum
1003 2082 1212 2124 pertinencie
1240 2090 1303 2113 nec
1332 2091 1396 2113 non
1426 2080 1576 2124 ejusdem
1606 2081 1789 2125 empcionis
1818 2081 2009 2112 contractus

162 2140 194 2171 in
223 2142 312 2171 terre
341 2137 460 2171 tabulis
489 2137 610 2170 clarius
638 2142 670 2171 et
699 2137 890 2171 distinccius
919 2141 1119 2183 continetur,
1149 2150 1187 2173 ac
1216 2139 1344 2173 demum
1378 2143 1410 2174 in
1440 2140 1516 2174 villa
1538 2140 1657 2185 Regali
1676 2139 1869 2173 Bratronicz
1888 2140 2009 2183 viginti

163 2201 307 2244 quinque
335 2209 527 2242 sexagenas
556 2198 740 2231 reddituum
771 2209 891 2232 census
920 2202 1031 2241 annun
1061 2211 1162 2245 super
1196 2199 1313 2245 quihus
1349 2202 1514 2247 speciales
1551 2200 1629 2234 dicti
1664 2199 1795 2233 Domini
1829 2203 1860 2232 et
1895 2198 2007 2232 fratris

163 2261 267 2292 nostri
295 2259 405 2291 literas
433 2257 616 2291 obtinuisse
645 2263 828 2292 noscuntur
856 2263 889 2292 et
916 2259 1045 2292 domum
1077 2260 1293 2294 habitacionis
1322 2272 1436 2295 eorum
1464 2264 1496 2294 in
1525 2264 1636 2294 castro
1666 2260 1837 2304 Pragensi.
1867 2270 1930 2305 que
1949 2257 2009 2292 fuit

164 2319 252 2364 olym
281 2319 368 2353 hone
396 2322 555 2352 memorie
586 2318 715 2352 Domini
747 2319 872 2353 Nic-olai
905 2319 1083 2356 Pragensis
1114 2321 1284 2366 l’repositi.
1315 2333 1410 2367 quam
1440 2333 1458 2354 a
1478 2320 1679 2354 Reverendo
1710 2324 1739 2353 in
1762 2320 1892 2353 Christo
1912 2319 2009 2353 Patre

166 2379 307 2413 Domino
340 2380 498 2423 l'ragensi
528 2379 799 2425 Archiepiscopo
829 2385 1011 2413 executore
1042 2385 1225 2414 testamenti
1256 2382 1373 2426 prefati
1404 2381 1564 2426 Prepesiti
1603 2381 1810 2425 supradictus
1849 2380 2007 2413 Dominus

164 2444 195 2473 et
225 2440 327 2473 trater
355 2445 468 2473 noster
496 2451 555 2473 suo
584 2443 697 2485 precio
726 2444 941 2486 comparavit.
972 2452 1045 2474 cuin
1076 2441 1225 2475 omnibus
1254 2441 1423 2479 censibus,
1461 2441 1657 2476 redditibus.
1691 2440 1835 2485 juribus,
1873 2440 2006 2474 obven-

162 2500 325 2543 cionibus.
355 2499 583 2546 proventibus„
614 2500 814 2543 utilitatibus,
849 2501 1100 2538 emolumentis.-
1125 2502 1271 2546 judiciis.
1309 2501 1577 2548 proprietatibus,
1615 2502 1766 2536 dominiis
1795 2506 1828 2535 et
1855 2501 2006 2535 omnibus
