2206 2735
1073 162 1176 198 185.

300 241 478 284 Joleanu’s,
517 240 667 284 Biscleos
693 251 758 274 von
794 239 938 283 Olmmz,
974 239 1138 274 Statntea
1166 242 1224 285 fiir
1252 241 1306 275 die
1336 241 1510 276 Olmutzer
1539 242 1678 278 Kirclae.
1722 244 1781 278 Dc.
1814 242 1946 277 Olmiltz

913 299 971 334 13.
1001 300 1192 335 Dezember
1223 300 1333 336 1352.

351 377 440 431 Nos
469 395 642 430 ,lohannes
678 395 731 430 dei
760 400 793 430 et
820 395 1005 441 apostolice
1033 395 1123 430 sedis
1151 399 1266 441 gracia
1296 396 1484 443 Episcopus
1513 397 1742 433 Olomucensis
1774 426 1780 432 .
1811 397 1931 433 Notum
1960 398 2051 433 faci-

196 468 270 492 mus
298 461 413 491 tenore
441 459 653 503 presencium
683 459 851 491 vniuersis
888 455 1149 502 subscriptorum
1185 459 1339 491 noticiam
1377 456 1549 504 habituris,
1585 457 1679 500 Quod
1716 469 1779 493 nos
1816 459 2050 494 ordinaciones

198 522 232 552 et
258 521 389 560 statuta,
419 528 458 551 ac
487 517 747 552 consuetudines
777 519 930 561 antiquas
958 519 990 550 in
1020 517 1166 552 ecclesia
1204 521 1318 552 nostra
1353 517 1566 553 Olomucensi
1596 529 1614 552 a
1643 521 1817 553 retroactis
1847 519 2050 566 temporibus

196 578 395 612 obseruatas
425 582 459 611 et
487 577 688 623 approbatas
716 577 914 622 diligencius
943 576 1135 622 relegentes
1164 581 1350 624 reperimus
1380 589 1398 612 a
1428 583 1578 625 tempore
1607 581 1702 613 cuius
1723 582 1878 613 contrarii
1904 590 1970 614 non
1999 584 2052 615 est

195 641 367 681 memoria,
397 638 616 683 Antiquiores
646 648 706 672 seu
734 639 886 671 seniores
907 636 1096 672 Canonicos
1124 638 1272 673 eiusdem
1302 639 1449 673 ecclesie
1471 666 1478 673 .
1509 644 1588 686 aput
1615 642 1720 686 ipsam
1741 640 1963 685 personaliter
1990 651 2051 675 re-

195 698 343 734 sidentes
374 725 380 733 .
413 699 573 733 duntaxat
600 700 751 744 potuisse
779 701 877 744 atque
905 708 1005 744 posse
1034 698 1189 734 meliores
1218 699 1293 733 duni
1322 704 1528 734 vacauerunt
1556 704 1588 734 et
1616 703 1814 735 vacauerint
1833 704 1948 746 optare
1968 712 2051 747 pre-

194 757 322 793 bendas
343 786 350 794 .
373 770 412 793 ac
443 762 548 793 eciam
577 769 695 792 omnes
723 757 938 793 obediencias
968 761 1083 793 maiori
1113 759 1308 794 obediencia
1345 759 1507 794 duntaxat
1541 764 1684 806 excepta
1720 772 1795 794 cuin
1831 771 1889 795 eas
1926 772 2051 796 vacare

195 822 358 864 contingit
386 847 394 855 .
425 819 511 865 quod
540 821 645 852 eciam
674 821 707 852 in
736 818 976 852 collacionibus
1004 821 1204 854 vicariarum
1233 823 1432 855 vacancium
1462 820 1501 854 ad
1532 821 1720 855 euitandum
1751 821 1949 864 discordias,
1988 832 2052 867 que

196 879 393 924 frequenter
420 882 505 913 inter
535 879 679 924 prelatos
717 883 750 912 et
779 881 961 913 canonicos
991 884 1067 914 sunt
1094 879 1230 915 suborte
1258 883 1448 916 invenimus
1479 891 1522 914 ex
1552 892 1666 915 eorum
1697 881 1914 916 ordinacione
1935 886 1966 916 et
1985 882 2052 916 ob-

197 942 375 974 seruancia
410 939 630 973 introductum
660 940 686 973 si
716 938 846 984 quidem
874 944 1020 973 vacante
1048 942 1174 975 vicaria
1203 941 1312 986 aliqua
1341 943 1372 974 in
1402 942 1547 975 ecclesia
1577 941 1661 975 dicta
1690 942 1744 976 uel
1773 945 1878 976 eciam
1909 942 2053 977 ecclesia

194 1003 301 1035 sancti
332 1000 419 1034 Petri
449 1002 481 1033 in
511 998 659 1033 Olomuc.
688 1010 752 1044 que
781 999 820 1032 ad
850 999 1067 1034 collacionem
1097 1001 1173 1035 dicti
1202 1002 1334 1048 capituli
1365 1006 1504 1037 actenus
1541 1005 1770 1049 pertinuerunt
1807 1007 1838 1036 et
1874 1006 2052 1049 pertinent,

194 1063 328 1094 nomine
357 1060 505 1095 eiusdem
535 1059 668 1106 capituli
695 1086 701 1093 .
733 1062 896 1104 antiquior
925 1063 997 1095 siue
1025 1064 1139 1096 senior
1166 1065 1368 1108 recepcione
1403 1065 1586 1097 canonicus
1623 1063 1776 1098 residens
1815 1068 1939 1097 tantum
1975 1068 2053 1109 aput

195 1121 314 1154 dictam
344 1121 523 1154 ecclesiam
555 1147 561 1153 .
591 1130 686 1164 quein
717 1131 756 1152 ea
785 1122 862 1154 viee
890 1120 971 1154 ordo
1000 1122 1213 1167 presentandi
1244 1126 1404 1167 contingit
1441 1126 1512 1158 siue
1549 1123 1678 1157 domum
1717 1128 1749 1157 et
1783 1123 1938 1158 familiam
1977 1129 2052 1170 aput

194 1180 333 1215 eandem
362 1181 541 1215 0001051311]
572 1179 692 1213 11311031
720 1182 792 1213 51110
821 1191 992 1226 expensas
1023 1182 1131 1216 saltim
1160 1194 1221 1228 per
1249 1195 1348 1218 vnum
1379 1195 1500 1218 3111111111
1529 1183 1649 1217 ibidem
1680 1187 1893 1227 conuenerit,
1924 1184 2051 1231 absque

191 1240 308 1275 fraude
338 1241 378 1275 ad
408 1240 547 1275 eandem
578 1243 737 1274 vicariam
766 1245 962 1286 presentare
991 1246 1022 1276 et
1041 1246 1215 1277 nominare
1244 1244 1348 1278 libere
1376 1247 1482 1290 possit
1512 1272 1519 1279 .
1551 1271 1558 1278 .
1589 1245 1717 1279 decano
1746 1245 1799 1279 uel
1820 1272 1826 1279 .
1850 1273 1857 1280 .
1880 1248 2050 1291 preposito

233 1329 240 1336 .
270 1302 323 1336 uel
353 1301 611 1344 archidiacono,
642 1304 695 1347 qui
724 1312 783 1346 pro
812 1306 961 1347 tempore
990 1302 1130 1347 fuerint,
1171 1315 1230 1338 seu
1261 1307 1365 1338 eciam
1394 1308 1485 1339 iuxta
1515 1308 1680 1350 antiquam
1711 1310 1744 1339 et
1773 1305 1987 1352 approbatam
2018 1310 2051 1340 et

192 1367 336 1402 actenus,
358 1361 571 1396 obseruatam
604 1361 877 1395 consuetudinem
906 1363 1095 1408 Antiquiori
1125 1369 1202 1410 aput
1230 1368 1333 1411 ipsam
1364 1365 1545 1400 ecclesiam
1576 1370 1653 1399 tnnc
1688 1366 1849 1400 residenti
1887 1370 2050 1402 canonico

191 1427 255 1456 tam
286 1425 449 1457 vicarium
479 1433 576 1468 quain
614 1421 864 1468 prebendatuiu,
901 1423 955 1457 uel
992 1423 1090 1458 alium
1128 1425 1296 1471 ydoneum
1335 1426 1493 1460 clericum
1531 1438 1773 1472 quemcumque
1810 1430 1916 1461 eciam
1953 1432 2050 1462 extra

190 1483 309 1517 dictam
340 1483 518 1517 ecclesiam
550 1487 772 1517 constitutum.
804 1482 844 1518 Et
871 1485 898 1517 si
927 1486 1089 1518 vicarium
1119 1486 1266 1520 eiusdem
1296 1487 1443 1521 ecclesie
1480 1486 1688 1533 presentabit
1724 1487 1811 1521 idem
1850 1492 2049 1534 presentans

191 1544 230 1578 ad
260 1544 440 1578 secundam
471 1547 633 1578 vicariam
663 1543 789 1588 absque
817 1544 1079 1579 contradictione
1108 1546 1281 1580 cuiuslibet
1311 1547 1407 1580 alium
1445 1546 1549 1581 libere
1585 1547 1807 1593 presentabit,
1837 1559 1877 1582 30
1906 1575 1912 1582 .
1943 1574 1952 1583 .
1983 1549 2050 1582 de-

191 1615 294 1639 canus
325 1631 331 1638 .
364 1631 370 1638 .
404 1607 591 1650 prepositus
621 1631 628 1638 .
661 1631 668 1638 .
699 1603 952 1638 archidiaconus
982 1605 1035 1638 uel
1064 1609 1177 1640 senior
1206 1610 1389 1641 canonicus
1419 1610 1524 1641 eciam
1555 1608 1627 1642 aliis
1658 1611 1830 1642 canonicis
1859 1608 2049 1644 absentibus

191 1663 376 1698 huiusmodi
406 1668 632 1710 presentatum
663 1668 696 1697 et
723 1667 924 1697 nominatum
955 1665 1007 1698 vel
1037 1671 1249 1710 presentatos
1280 1667 1319 1701 dc
1339 1668 1497 1714 predictis
1526 1670 1662 1713 vicarijs
1691 1671 1813 1714 poterit
1833 1674 1865 1703 et
1885 1669 2049 1704 tenebitur

189 1727 348 1759 inuestire
379 1751 386 1757 .
417 1729 449 1758 et
481 1724 608 1758 stallum
638 1735 677 1758 ac
706 1727 955 1770 possessiouem
991 1726 1172 1760 earundem
1201 1730 1401 1761 vicariaruin
1430 1740 1490 1774 per
1518 1740 1556 1763 se
1594 1729 1645 1763 uel
1676 1730 1774 1763 alium
1804 1729 1936 1764 tradere
1964 1742 2047 1764 cor-

190 1784 335 1830 poralem
366 1789 397 1818 et
426 1785 509 1819 tales
538 1787 816 1831 presentacioncs
846 1796 885 1818 ac
912 1788 1113 1820 investiture
1152 1792 1274 1821 tantuin
1304 1787 1404 1822 robur
1432 1788 1638 1832 obtinebunt,
1668 1794 1824 1835 quantuni
1854 1793 1881 1824 si
1909 1790 1949 1824 ab
1969 1802 2047 1824 oni-

189 1844 285 1879 nibus
314 1847 484 1879 canonicis
514 1845 736 1887 concorditer,
765 1845 817 1878 uel
847 1848 962 1879 maiori
991 1849 1136 1892 ipsorum
1166 1853 1258 1894 parte
1287 1848 1376 1882 facte
1406 1848 1526 1890 forent,
1557 1854 1587 1883 et
1617 1849 1658 1883 ad
1680 1850 1867 1884 huiusmodi
1897 1854 2045 1886 vicarias

188 1910 351 1940 vacantes
382 1932 388 1939 .
421 1933 427 1939 .
460 1905 607 1939 decanus
638 1933 645 1940 .
677 1932 683 1939 .
715 1909 905 1952 prepositus
936 1934 943 1941 .
975 1934 981 1941 .
1012 1908 1286 1951 archidiaconus,
1334 1912 1387 1955 qui
1432 1920 1491 1955 pro
1528 1914 1677 1956 tempore
1715 1910 1859 1954 suerint,
1908 1923 1974 1946 non
2012 1916 2046 1946 ut

188 1967 305 2012 prelati
335 1966 392 2000 sed
426 1971 589 2012 tamquam
619 1965 777 2001 Canonici
816 1970 846 2000 iu
877 1967 994 2001 ordine
1031 1971 1235 2014 receptionis
1274 1980 1334 2003 sue
1370 1972 1401 2003 in
1441 1972 1622 2004 canonicos
1660 1974 1734 2016 post
1771 1971 1854 2006 alios
1892 1975 2044 2007 seniores

187 2029 369 2060 canonicos
399 2031 598 2073 presentare
626 2026 803 2061 debebunt.
860 2027 902 2061 Et
929 2031 956 2062 si
994 2032 1157 2075 antiquior
1193 2032 1395 2072 canonicus,
1434 2041 1528 2075 quein
1559 2030 1639 2064 ordo
1670 2034 1701 2064 11]
1730 2033 2043 2077 presentacionihus

189 2075 375 2121 huiusmodi
404 2090 605 2121 vicariarum
643 2090 824 2132 contingit,
862 2099 922 2134 per
959 2100 996 2122 se
1025 2090 1076 2123 uel
1106 2101 1165 2135 per
1194 2090 1291 2124 alium
1321 2090 1360 2124 ab
1390 2101 1430 2124 co
1459 2090 1498 2124 ad
1529 2090 1592 2124 hoc
1620 2093 1811 2137 specialiter
1839 2092 2041 2139 deputatum,

187 2146 271 2181 infra
309 2150 451 2192 quinque
489 2158 623 2181 menses
653 2158 669 2180 a
699 2151 885 2182 vacacione
922 2151 1049 2183 vicarie
1085 2153 1163 2183 tunc
1197 2153 1350 2184 vacantis
1388 2151 1628 2196 computandos
1658 2151 1719 2186 sub
1748 2152 1845 2187 modo
1875 2158 1908 2187 et
1937 2153 2041 2188 1011113

188 2207 346 2253 predictis
376 2208 517 2254 aliquem
547 2207 586 2242 ad
615 2207 754 2241 eandem
783 2211 942 2242 vicariani
972 2214 1168 2255 presentare
1198 2211 1396 2255 neglexerit.
1426 2210 1560 2245 Extunc
1589 2215 1640 2246 1115
1661 2213 1874 2258 presentandi
1895 2214 1935 2247 ad
1955 2225 2042 2248 ean—

189 2268 262 2301 dem
295 2271 454 2302 vicariam
493 2268 532 2302 ad
570 2272 765 2302 canonicum
804 2270 901 2303 alium
936 2272 1089 2315 proxime
1129 2275 1326 2316 sequentem
1363 2274 1395 2304 11]
1430 2271 1545 2306 ordine
1579 2272 1784 2307 deuoluetur.
1814 2273 1972 2319 Idemque
2001 2274 2040 2308 ad

188 2328 327 2362 eandem
356 2331 517 2363 vicariam
546 2329 630 2363 infra
661 2334 791 2364 sextum
822 2341 972 2364 1110115011]
1002 2335 1198 2376 sequentem
1227 2335 1425 2376 presentare
1452 2335 1586 2377 poterit,
1619 2337 1652 2366 et
1680 2344 1741 2379 per
1760 2344 1834 2367 euin
1853 2337 2039 2368 nominatus

186 2391 337 2423 investiri
376 2389 474 2423 debet
502 2401 562 2436 per
591 2401 691 2424 vnum
721 2401 766 2424 ex
794 2390 962 2436 predictis.

341 2449 482 2496 Insuper
513 2453 695 2496 reperimus
724 2453 754 2484 in
785 2450 871 2484 dicta
900 2456 1014 2485 nostra
1044 2452 1189 2485 ecclesia
1220 2451 1433 2487 Olomucensi
1461 2464 1479 2486 a
1509 2453 1617 2498 longis
1655 2458 1687 2487 et
1725 2457 1865 2499 antiquis
1902 2458 2036 2500 tempo-

186 2508 277 2543 ribus
305 2509 517 2545 obseruatum
548 2515 580 2544 et
607 2513 638 2544 in
668 2511 833 2545 nonnullis
863 2513 980 2546 vicinis
1009 2512 1167 2547 ecclesiis
1196 2511 1380 2557 obseruari,
1411 2512 1504 2554 Quod
1534 2516 1658 2559 prouisi
1697 2513 1794 2548 electi
1824 2525 1883 2549 seu
1912 2517 2037 2561 recepti

1878 2584 1935 2609 19*-
