2206 2735
945 310 1003 344 22.
1035 309 1226 344 November
1256 309 1365 344 1353.

379 390 622 454 ''lai-garetlia
652 409 820 443 abbatissa
849 412 882 441 et
910 410 1095 441 conuentus
1124 405 1422 439 sanctimonialium
1453 404 1651 439 Monasterii
1681 417 1707 439 s.
1738 405 1855 439 Jacobi
1885 410 1915 440 in
1945 406 2084 442 Olomuc

234 472 358 505 ordinis
392 472 717 516 praemonstratensis
749 489 790 494 —-
830 471 936 502 sorori
973 466 1132 511 religiose
1169 465 1301 499 domine
1336 464 1471 499 Hermle
1507 468 1610 499 nostri
1644 469 1839 499 monasterii
1877 471 1909 500 et
1943 467 2083 514 Symoni

234 543 368 566 censum
399 534 496 565 vuius
525 542 638 565 marce
666 542 739 565 cum
768 529 876 563 media
907 548 950 552 —
982 531 1014 561 in
1043 531 1157 561 nostra
1187 527 1264 560 villa
1296 526 1459 572 Chyrwat
1488 530 1627 561 emimus
1664 537 1722 572 pro
1760 529 1904 573 ipsorum
1933 532 2082 574 pecuniis

239 613 278 617 —
311 603 407 638 quem
439 602 577 625 censum
607 591 692 625 dicta
721 601 816 624 soror
843 592 1020 635 percipere
1049 587 1182 621 debebit
1213 607 1256 612 —
1288 590 1359 633 ipsa
1390 587 1430 621 de
1460 588 1534 621 luce
1562 591 1725 632 migrante
1752 588 1879 634 Symon
1908 592 2084 634 prenomi-

235 658 327 687 natus
360 673 401 677 —
433 651 516 697 Ipsis
546 662 628 686 vero
657 649 894 685 decedentibus
929 660 1052 683 census
1088 649 1128 683 ad
1164 651 1400 683 monasterium
1437 649 1633 683 deuoluetur
1671 653 1703 682 et
1739 651 1882 694 ipsorum
1919 653 2082 685 anniver-

234 716 330 747 sariis
361 712 566 757 disponetur.
601 732 642 736 —-
675 710 727 744 Dt.
759 710 916 744 Olomucz
947 710 1046 744 1353
1078 712 1109 743 in
1139 709 1191 744 die
1220 721 1246 744 s.
1279 709 1403 743 Cecilie
1433 713 1586 754 virginis.

543 790 599 827 (Ex
623 790 694 823 orig,
719 790 746 815 in
771 789 895 816 archivis
921 790 1037 824 capituli
1063 789 1155 817 olom
1182 790 1305 815 extraxit
1329 789 1398 815 Ant.
1426 788 1546 825 Boc-ek.)

1109 944 1215 980 236.

962 1022 996 1056 3.
1028 1023 1218 1057 Dez-ember
1249 1023 1357 1057 1353.

390 1102 581 1167 Ruprecht
610 1121 669 1155 der
698 1114 831 1157 there..
873 1118 1119 1164 Pfalzg1·at‘hei
1149 1118 1275 1156 Rheini
1314 1119 1479 1157 bekenntq
1511 1120 1586 1153 [lass
1617 1120 1676 1154 das
1715 1119 1854 1153 Gebietli
1889 1131 1957 1155 von
1992 1121 2084 1166 Eger

235 1182 297 1215 «len
328 1182 544 1215 bolimisclien
587 1181 740 1226 Konigen
783 1180 980 1226 verpfandet
1009 1183 1068 1213 sei.
1099 1179 1152 1213 Dt.
1183 1179 1281 1225 Spire
1316 1180 1411 1214 1353
1441 1179 1523 1214 feria
1559 1184 1661 1214 tercia
1699 1185 1849 1226 proxima
1888 1186 1963 1215 ante
1998 1182 2083 1216 diem

237 1246 342 1276 sancti
372 1241 500 1276 Nicolai
528 1241 698 1288 Episcopi.

543 1319 619 1356 (Ans
643 1321 699 1346 den
723 1321 799 1347 Priv.
825 1329 883 1355 reg.
911 1321 979 1350 Bon,
1007 1321 1152 1346 Manuskr.
1179 1320 1214 1345 im
1240 1320 1477 1345 Laudesarchive
1502 1330 1529 1354 p.
1557 1320 1651 1356 287&
1681 1321 1753 1354 sign.
1786 1321 1823 1347 M.
1857 1322 1923 1349 Vll.
1950 1322 1998 1353 28,
2023 1323 2080 1352 vid,

643 1373 693 1399 ΝΥ.
720 1371 807 1405 237,”)

1108 1518 1212 1553 237.

290 1598 459 1631 Gerlach.
490 1596 704 1641 Erz-bz‘sehof
724 1609 787 1631 ron
808 1598 935 1635 Maius„
966 1597 1121 1631 heberent.
1151 1598 1230 1630 dass
1259 1597 1321 1630 das
1352 1597 1472 1631 Gebiet
1503 1609 1563 1631 con
1595 1597 1689 1642 Effer
1724 1598 1785 1631 (len
1816 1597 2031 1631 hokmiscken

587 1657 743 1702 Koniyeu
772 1658 971 1702 verpfs'ltitlet
999 1659 1060 1691 sei.
1098 1657 1156 1691 Dt.
1187 1657 1311 1702 Spez‘er
1339 1658 1372 1691 4.
1404 1657 1593 1691 Dezemher
1625 1658 1732 1692 1353.

392 1734 479 1786 Nos
510 1753 671 1787 Gerlacus
700 1752 761 1786 Dei
790 1755 903 1797 gracia
933 1757 1048 1786 sancte
1076 1751 1346 1797 Maguntinensis
1375 1753 1531 1787 Ecclesie
1560 1753 1866 1799 Archiepiscopus,
1896 1756 1983 1788 sacri
2013 1752 2084 1786 Im-

236 1817 316 1859 perii
360 1824 419 1859 per
460 1813 673 1848 Germaniam
703 1812 1031 1847 Archicancellarius
1059 1812 1179 1848 Notum
1208 1813 1349 1848 facimus
1378 1817 1591 1861 presencium
1621 1813 1862 1859 inspectoribus
1890 1818 1924 1847 et
1951 1812 2083 1847 audito-

236 1873 325 1907 ribus
355 1876 531 1907 uniuersis.
563 1873 720 1914 Quamuis
754 1873 850 1907 litere
886 1875 1091 1907 serenissimi
1120 1885 1160 1908 ac
1189 1877 1399 1908 invictissimi
1428 1874 1587 1920 Principis
1613 1878 1646 1907 et
1672 1873 1804 1908 Domini
1824 1873 1956 1908 Domini
1975 1873 2083 1908 Caroli

240 1945 451 1968 romanorum
481 1933 692 1979 Imperatoris
720 1945 850 1981 semper
879 1934 1022 1978 Augusti
1051 1938 1084 1967 et
1111 1933 1248 1968 Boemie
1276 1934 1393 1979 Regis.
1416 1934 1547 1968 Domini
1576 1937 1678 1968 nostri
1699 1937 1856 1980 graciosi„
1876 1945 1959 1979 quas
1980 1945 2081 1980 super

236 1994 447 2039 obligacione
475 1999 506 2028 et
534 1994 754 2041 infrascriptis
782 1997 851 2029 suis
871 1993 1064 2041 pignoribus
1093 1994 1265 2029 videlicet:
1301 1994 1440 2029 Ciuitate
1478 1994 1623 2039 Egrensi
1660 1999 1692 2028 et
1725 1997 1796 2029 eius
1826 1997 1990 2028 territorio
2018 2005 2081 2028 nec

237 2065 301 2088 non
339 2057 458 2089 castris
495 2060 526 2089 et
562 2053 804 2089 municionibus
838 2054 940 2089 Flozz
975 2059 1008 2088 et
1043 2053 1229 2101 Parksteyn
1269 2060 1303 2089 et
1345 2066 1460 2089 eorum
1501 2057 1715 2100 pertinenciis
1756 2055 1881 2101 pridem
1931 2053 2081 2097 obtinuit,

236 2126 384 2161 quasque
412 2116 503 2150 clare
531 2118 691 2149 memorie
718 2115 862 2149 illustres
891 2115 1062 2162 Principes
1091 2115 1255 2162 quondam
1285 2116 1400 2161 Reges
1430 2115 1566 2149 Boemie
1594 2118 1830 2162 progenitores
1864 2117 1913 2149 sui
1943 2125 1987 2149 ex
2014 2125 2082 2149 no-

236 2175 387 2209 tabilibus
415 2178 526 2210 causis
555 2187 573 2209 a
605 2186 702 2209 sacro
730 2186 868 2210 romano
896 2175 1039 2222 Imperio
1067 2175 1253 2211 obtinuisse
1280 2180 1475 2219 noscuntur,
1497 2178 1619 2209 sinistri
1639 2186 1738 2210 casus
1758 2175 1885 2209 odiosis
1906 2174 2082 2209 eventibus

236 2240 383 2269 cremate
411 2240 444 2270 et
471 2235 601 2282 perdite
629 2236 751 2269 fuerint
779 2240 811 2269 et
840 2239 914 2278 sint,
945 2236 1029 2282 quod
1060 2246 1172 2270 earum
1201 2236 1348 2283 presidio
1376 2239 1420 2270 uti
1456 2247 1522 2271 non
1551 2240 1660 2282 potest
1694 2236 1732 2270 ad
1770 2238 1995 2269 ostensionem
2031 2238 2081 2269 sui

231 2297 316 2340 juris
347 2299 431 2330 sicut
459 2296 585 2330 eisdem
614 2298 728 2329 merito
766 2300 933 2338 uteretur,
970 2296 1095 2330 Tamen
1133 2307 1205 2330 cum
1243 2297 1360 2331 eadem
1396 2295 1562 2342 obligacio
1599 2307 1658 2331 seu
1695 2297 1890 2342 pignoracio
1926 2300 2004 2329 nota
2040 2299 2081 2329 sit

236 2356 366 2402 publice
395 2361 428 2391 et
454 2367 516 2391 nos
550 2357 590 2390 de
627 2356 825 2390 condicione
859 2356 1079 2401 obligacionis
1117 2357 1303 2392 huiusmodi
1338 2360 1441 2392 simus
1474 2358 1572 2403 plene
1609 2361 1642 2390 et
1676 2356 1882 2390 sufficienter
1917 2359 2079 2398 instructi,

237 2415 394 2450 videlicet
421 2416 508 2461 quod
536 2416 665 2463 prefata
694 2415 855 2461 Egrensis
884 2416 1007 2451 Ciuitas
1035 2428 1109 2452 cum
1138 2429 1199 2452 suo
1227 2421 1392 2452 territorio
1429 2429 1493 2452 nec
1527 2428 1592 2452 non
1626 2416 1743 2451 Castra
1779 2428 1837 2450 seu
1873 2419 2080 2451 municiones

236 2475 339 2510 Flozz
368 2481 399 2510 et
428 2476 601 2511 Parkstein
631 2488 704 2511 cum
734 2476 887 2512 omnibus
915 2481 984 2512 suis
1012 2481 1227 2525 pertinenciis
1256 2478 1376 2524 Regno
1396 2482 1430 2512 et
1449 2478 1580 2512 Corone
1610 2477 1747 2512 Boemie
1774 2488 1835 2523 pro
1864 2477 2079 2523 quadraginta

236 2535 381 2571 Millibus
408 2535 619 2571 Marcharum
649 2540 720 2584 puri
749 2540 878 2583 argenti
908 2540 1051 2585 quinque
1079 2538 1214 2574 florenis
1242 2550 1315 2573 cum
1345 2538 1480 2574 dimidio
1499 2539 1661 2573 florentini
1687 2538 1845 2584 ponderis
1864 2548 1925 2584 pro
1943 2537 2079 2572 Mai-cha

1874 2599 1934 2625 23ᾗ
