2206 2735
1119 66 1193 100 177

233 192 358 215 morum
395 186 486 215 retro
522 180 651 227 yudeos
688 179 742 213 vbi
781 183 813 213 in
850 180 958 214 futuro
993 184 1024 212 et
1059 189 1124 212 non
1162 178 1237 212 alibi
1266 181 1298 211 in
1327 176 1467 211 Ciuitate
1497 177 1582 211 dicte
1610 176 1770 211 Mulieres
1799 182 1961 224 perpetuo
1989 181 2079 212 resi-

232 242 384 275 ‹lenciam
420 240 565 275 habeant
595 267 602 274 .
632 240 673 274 Et
701 243 776 286 quia
805 240 940 286 puliani.
976 239 1114 273 lenones
1143 244 1175 272 et
1204 238 1353 272 3111111311
1383 237 1533 272 homines
1561 238 1716 272 mulieres
1745 241 1837 284 ipsas
1867 237 1906 272 ad
1936 237 2081 273 Censum

233 305 326 336 nimis
365 312 503 346 grauem
539 303 588 334 eis
618 300 814 335 soluendum
853 304 1057 342 artauerunt.
1095 299 1260 333 statutum
1290 302 1339 332 est
1367 303 1403 332 vt
1432 302 1540 333 omnia
1573 298 1722 344 predicta
1750 299 1834 333 mala
1864 299 2020 333 tollantur
2048 304 2081 333 et

234 363 369 396 vlterius
404 372 469 395 non
498 360 587 402 fiant,
626 365 703 406 quot
740 360 780 394 de
810 360 905 394 dictis
939 363 1079 405 quatuor
1107 358 1258 393 domibus
1287 357 1449 392 Pletlinna
1478 357 1603 392 tenebit
1631 358 1724 401 duas,
1765 361 2006 405 septimanatim
2041 360 2081 394 de

231 422 376 468 qualibet
411 432 523 455 earum
561 426 700 467 quatuor
736 431 875 466 grossos
912 420 1105 453 censuando
1141 419 1182 453 ad
1220 418 1394 453 Cameram
1424 418 1574 453 Ciuitatis
1608 419 1746 464 singulis
1775 422 1899 464 quartis
1926 419 2020 455 feriis
2049 425 2081 454 et

232 493 428 528 quocunque
457 482 573 516 eodem
603 481 656 516 die
686 481 815 516 Census
844 492 903 527 per
931 481 1080 526 hospitas
1110 480 1289 514 earundem
1320 479 1491 514 domorum
1520 479 1682 525 Magistro
1703 478 1845 514 Camere
1875 480 2080 527 ponderatus

233 554 296 577 non
340 542 448 585 fuerit,
491 546 567 576 tunc
597 546 701 577 statim
733 543 882 588 sequenti
911 544 1021 586 quinta
1051 540 1134 575 feria
1154 541 1220 583 illa,
1250 551 1314 586 que
1335 540 1480 575 Censum
1501 542 1690 587 neglexerit
1715 551 1774 587 pro
1794 545 1933 587 quatuor
1951 545 2080 587 grossis

233 603 320 637 dabit
349 614 410 637 sex
439 614 577 648 grossos
608 631 613 636 .
645 602 779 637 easdem
810 605 914 635 eciam
945 601 1060 635 domos
1090 602 1246 637 mulieres
1276 613 1336 648 pro
1365 612 1403 636 se
1433 601 1632 636 edificabunt
1660 606 1692 635 et
1720 601 1960 646 reformabunt,
1998 605 2080 637 sicut

233 668 261 697 in
292 667 340 697 eis
370 664 580 698 coinodosius
609 664 773 698 voluerint
803 662 965 696 habitare.
1009 661 1049 696 Et
1079 662 1177 696 Ciues
1206 662 1426 708 prouidebunt
1454 666 1510 696 vni
1539 662 1689 709 orphano
1719 664 1772 707 qui
1803 673 1941 699 censum
1970 662 2082 697 habuit

232 734 332 769 super
361 735 425 757 vna
456 723 677 770 predictarum
707 723 889 757 domorum.
926 722 1011 767 quod
1050 725 1212 756 nutriatur
1241 727 1272 756 et
1301 727 1405 757 artem
1435 723 1553 757 doceat
1581 724 1666 768 (sic)
1700 722 1939 757 mechanicam.
1996 723 2079 758 Ple-

233 784 350 818 banum
376 787 480 818 eciam
511 784 550 817 de
579 789 694 818 sancto
724 783 822 817 Petro
851 783 1033 829 expedient
1062 782 1161 817 Ciues
1190 784 1230 817 de
1258 783 1360 817 tribus
1390 787 1524 825 marcis,
1555 795 1634 829 quas
1663 783 1774 818 hahuit
1801 795 1902 830 super
1930 795 1995 818 vna
2024 785 2078 818 tali

232 846 338 877 domo.
379 843 417 877 Et
456 845 604 878 similiter
641 844 819 890 expedient
858 843 1036 876 [hamarum
1073 842 1277 878 Canonicum
1314 844 1354 878 de
1389 844 1500 878 Censu
1531 843 1614 878 Octo
1652 855 1848 889 grossorum
1877 849 1910 878 et
1937 849 2078 891 quatuor

233 905 402 950 pullorum.
433 916 527 951 quem
558 905 669 938 habuit
699 904 846 938 similiter
875 915 976 950 super
1004 915 1070 938 vna
1100 905 1281 939 earundem
1311 905 1496 939 domorum.
1527 905 1683 951 Reliquas
1712 910 1821 939 autem
1850 905 1933 939 duas
1963 905 2077 940 domos

233 965 362 999 habebit
399 965 601 1011 Pragarinna
639 977 697 1011 per
732 968 831 998 vitam
871 976 976 998 snam.
1016 965 1055 998 de
1089 976 1227 1009 quarum
1264 977 1329 999 vna
1368 970 1529 1012 percipiet
1565 969 1807 1012 septimanatin]
1838 965 1981 1000 Censum
2015 976 2077 999 sex

231 1037 423 1069 grossorum
453 1031 483 1059 et
514 1026 553 1059 ile
583 1026 728 1060 secunda
759 1026 901 1059 Censuin
932 1030 1072 1070 quatuor
1100 1037 1295 1070 grossorum
1326 1032 1357 1060 et
1386 1031 1418 1060 in
1449 1030 1605 1060 extremis
1626 1029 1693 1060 suis
1714 1026 1835 1071 legabit
1855 1025 1914 1061 Cui
1934 1026 2078 1060 voluerit

232 1093 296 1120 tres
329 1098 457 1120 marcas
487 1098 691 1132 grossorum,
722 1098 804 1132 quas
834 1087 957 1120 Ciuitas
987 1087 1121 1120 soluere
1150 1087 1247 1120 debet
1279 1116 1283 1120 .
1316 1087 1355 1121 Et
1385 1088 1526 1134 Insuper
1555 1091 1628 1134 quia
1657 1098 1725 1121 vna
1754 1087 1870 1121 domus
1898 1086 2079 1121 earundem

232 1146 375 1180 (en-suat
410 1147 538 1181 Elblino
573 1148 721 1193 Cauponi
758 1148 896 1181 mediani
935 1158 1078 1180 marcam
1115 1150 1147 1180 in
1177 1147 1412 1194 Cal-nispriuiQ
1451 1149 1539 1182 illum
1569 1148 1711 1182 Censum
1742 1147 1842 1182 Ciues
1871 1147 2080 1181 (1011011100-

231 1208 356 1241 dimere
391 1219 464 1241 cuin
503 1208 608 1242 tribus
644 1213 777 1251 marcis.
814 1211 855 1242 ita
886 1212 964 1253 quot
994 1207 1197 1252 Pragarinna
1227 1208 1304 1242 nulli
1334 1213 1473 1243 censuet
1510 1210 1550 1242 de
1579 1209 1674 1243 dictis
1704 1208 1854 1242 domibus
1885 1236 1891 1241 .
1922 1208 1970 1242 Ea
1998 1219 2080 1241 vero

233 1273 356 1302 mortua
387 1269 470 1302 idem
502 1268 632 1302 Census
662 1280 724 1302 sex
752 1275 781 1302 el
811 1273 952 1314 quatuor
980 1279 1173 1313 grossorum
1204 1273 1448 1314 septimanatim
1479 1270 1532 1303 (lie
1561 1275 1592 1303 et
1620 1269 1716 1303 modo
1745 1274 1898 1315 utsupra
1920 1273 2080 1315 perpetuo

231 1329 269 1361 nd
301 1329 472 1363 Ciuitatein
503 1335 535 1363 et
564 1332 635 1363 eius
663 1341 829 1363 cameram
860 1329 1044 1375 pertinebit.
1076 1329 1115 1362 Et
1144 1329 1349 1373 5011111111005,
1378 1341 1546 1376 precones
1576 1334 1607 1364 et
1627 1331 1679 1364 alii
1700 1329 1863 1364 officiales
1884 1328 1999 1374 judicii
2019 1339 2078 1363 seu

231 1390 378 1423 Ciuitatis
407 1390 529 1424 nullum
555 1392 609 1434 jus
637 1393 669 1424 in
699 1390 793 1424 dictis
825 1390 975 1424 domibus
1005 1394 1036 1424 01
1066 1389 1176 1424 Censu
1206 1401 1319 1424 earum
1349 1390 1410 1425 sibi
1441 1390 1561 1425 dehent
1590 1394 1753 1437 vsurpari.
1807 1389 2079 1435 Quandocunque

230 1453 333 1483 aciani
365 1450 481 1484 domos
511 1451 643 1485 easdem
673 1454 818 1493 visitant,
850 1452 913 1485 illis
943 1462 1025 1496 quos
1055 1450 1173 1484 ibidem
1202 1454 1402 1494 inuenerint,
1433 1454 1506 1485 siue
1530 1462 1589 1497 pro
1610 1456 1758 1497 tempore
1778 1450 1987 1485 interfuerint
2007 1452 2079 1485 Siue

230 1515 423 1544 nocturnum
451 1511 496 1544 ibi
525 1511 666 1554 faciant,
696 1512 818 1545 nullam
847 1510 970 1545 inferre
999 1510 1120 1545 dehent
1148 1512 1347 1546 violenciam
1375 1511 1439 1546 1101)
1468 1511 1595 1546 bibales
1625 1512 1665 1546 31)
1695 1515 1743 1546 015
1772 1516 1986 1557 extorquere,
2014 1522 2078 1545 nec

229 1571 354 1616 aliquas
384 1571 542 1605 daciones
571 1571 610 1605 ab
640 1574 689 1605 eis
719 1574 869 1616 exigere,
901 1575 984 1605 sicut
1014 1583 1050 1605 se
1080 1572 1194 1605 volunt
1223 1576 1255 1606 in
1292 1575 1360 1606 suis
1399 1573 1517 1607 officiis
1555 1575 1759 1608 conseruari.
1818 1572 1860 1606 Et
1894 1574 1927 1605 in
1960 1571 2078 1605 dictam

231 1630 476 1665 ordinacionem
507 1637 751 1666 consenserunt
779 1643 851 1665 cuni
881 1635 1066 1676 graciarum
1096 1635 1234 1666 accione
1264 1632 1465 1677 Pragarinna
1496 1634 1655 1668 Platlinna
1683 1633 1910 1677 Swagerinna
1951 1636 1983 1665 et
2015 1631 2078 1666 alie

232 1690 380 1736 hospites
409 1694 643 1726 conuentrices
672 1694 841 1726 domorum
871 1692 1104 1738 predictarum.
1135 1693 1259 1726 Actum
1279 1693 1338 1727 sub
1363 1693 1592 1728 Wenczeslao
1612 1694 1653 1728 de
1672 1693 1900 1728 thussnawicz
1919 1694 2077 1737 magistro

231 1750 369 1784 Cinium.
398 1751 575 1786 Luczcone
603 1752 644 1786 de
673 1752 769 1795 Vitis,
790 1752 905 1787 Marco
934 1752 1151 1799 Poherliceri,
1180 1753 1308 1788 ι1300110
1329 1754 1513 1797 Swarceri‚
1534 1755 1731 1797 AnshelmQ
1752 1753 1914 1789 Henslino
1936 1753 2077 1798 glesein‚

230 1811 356 1845 Ι1300110
386 1812 529 1855 Α1131111,
560 1812 682 1847 Georio
711 1813 752 1847 de
781 1813 878 1847 domo
908 1813 1136 1857 Theutunica,
1180 1814 1340 1849 Heinrico
1376 1815 1497 1858 vuchs,
1530 1815 1669 1850 Nicolao
1698 1815 1889 1857 Swarceri‚
1927 1811 2078 1847 Conrado

230 1875 364 1917 pistore,
395 1871 564 1906 Perhardo
593 1873 633 1907 de
661 1873 868 1917 Wisscbaw5
899 1873 1053 1908 Hainlino
1081 1875 1236 1921 pennice,
1266 1875 1422 1911 Johanne
1452 1875 1646 1919 Aurifabro,
1665 1875 1821 1910 Johanne
1847 1873 1976 1916 Jacohi,
2004 1872 2078 1907 Bo-

230 1932 367 1966 huschio
396 1932 437 1966 de
465 1932 692 1967 thussnawicz
728 1938 760 1967 et
797 1934 868 1968 aliis
893 1936 1012 1978 ι11113115
1041 1935 1209 1970 modernis
1238 1940 1269 1969 et
1298 1937 1453 1983 Antiquis
1475 1936 1621 1971 Sabbato
1648 1939 1680 1970 in
1701 1935 1857 1970 Crastino
1883 1933 1961 1968 festi
1987 1932 2074 1968 beati

231 1993 317 2027 Luce
345 1992 575 2038 Ewangeliste
602 1996 635 2027 in
665 1994 760 2028 stuba
788 1994 1003 2029 Wenczeslai
1032 1995 1072 2029 de
1100 1996 1328 2031 thussnawicz
1357 2000 1503 2042 magistri
1533 1997 1660 2031 Ciuium
1688 1995 1881 2043 supradicti.

538 2081 610 2115 (Aus
635 2082 698 2108 dem
723 2079 818 2109 Codex
842 2082 892 2110 Nr.
919 2083 957 2108 34
983 2083 1030 2110 fol.
1048 2084 1082 2108 11
1109 2084 1146 2109 im
1171 2084 1297 2111 Arehive
1325 2086 1375 2112 der
1398 2086 1426 2113 k.
1452 2085 1537 2111 Stadt
1559 2085 1680 2120 Briinn.)

234 2176 258 2200 A
270 2184 286 2200 n
296 2176 445 2202 merkun
457 2185 484 2210 g.
519 2176 569 2202 Ieb
600 2181 680 2202 setze
711 2177 753 2202 ale
776 2177 882 2203 Datum
908 2178 959 2204 das
982 2177 1055 2203 Jahr
1082 2178 1179 2215 1353;
1215 2179 1289 2205 denn
1313 2180 1358 2206 ein
1383 2180 1518 2214 Samstag
1542 2180 1584 2206 als
1610 2179 1754 2216 „crastina
1779 2175 1858 2204 dies“
1883 2176 1957 2202 nach
1980 2176 2076 2202 Lucas

435 2227 482 2254 fiel
508 2229 545 2254 im
572 2230 621 2255 14.
645 2228 844 2255 Jahrhundert
868 2238 921 2255 nur
944 2230 1075 2256 zweimal
1098 2231 1154 2256 und
1179 2240 1256 2257 zwar
1283 2232 1361 2258 1353
1386 2232 1442 2258 und
1470 2232 1550 2258 1364
1580 2232 1637 2258 und
1670 2230 1745 2257 dann
1770 2233 1829 2255 erst
1851 2229 1957 2256 wieder
1983 2228 2072 2255 1448.

435 2280 527 2306 Nebst
556 2281 650 2307 dieser
680 2280 850 2315 Congruenz
881 2282 991 2316 sprieht
1022 2282 1092 2308 aber
1120 2283 1165 2309 fiir
1193 2284 1239 2310 die
1271 2285 1417 2319 Datirung
1448 2285 1527 2311 1353
1557 2284 1630 2311 auch
1659 2283 1710 2309 der
1741 2281 1893 2315 Umstand,
1929 2280 1996 2306 dass
2026 2280 2072 2306 die

437 2333 627 2368 *Pragerinffl
662 2334 769 2360 welche
799 2334 861 2360 laut
896 2334 991 2359 dieser
1022 2335 1214 2370 Verordnung
1248 2336 1363 2371 kfinftig
1397 2336 1550 2363 steuerfrei
1584 2336 1645 2362 sein
1681 2334 1743 2371 soll,
1779 2334 1816 2360 im
1846 2331 2072 2366 Losungsbuche

434 2384 544 2413 (Codex
568 2385 618 2412 Nr.
645 2385 683 2410 39
709 2386 759 2412 des
781 2385 915 2412 Briinner
940 2384 1172 2425 Stadtarehives)
1196 2388 1259 2416 Pol,
1276 2388 1314 2413 72
1338 2388 1376 2414 1111
1399 2388 1428 2417 ιῘ,
1446 2388 1527 2413 1352
1552 2388 1594 2413 als
1617 2387 1702 2413 einen
1724 2385 1826 2412 ferto
1849 2384 1974 2411 zahlend
1998 2384 2072 2410 noch

434 2436 588 2470 angefiihrt
616 2437 693 2469 wird,
724 2446 864 2472 wogegen
893 2438 935 2464 sie
966 2446 1029 2464 vom
1059 2438 1088 2467 J.
1115 2439 1194 2465 1353
1225 2440 1263 2465 im
1292 2439 1518 2474 Losuugsbuehe
1548 2439 1627 2465 nieht
1656 2439 1737 2465 mehr
1768 2437 1921 2466 erseheint.
1964 2437 2073 2463 F'erner

435 2488 547 2522 spi-ioht
570 2488 664 2515 hieflir
686 2489 738 2515 der
762 2489 914 2525 Umstand,
939 2490 1005 2516 dass
1030 2491 1058 2516 in
1082 2491 1249 2518 demselben
1272 2491 1499 2526 Losungsbuehe
1522 2492 1585 2520 Fol.
1605 2491 1643 2517 92
1667 2499 1732 2517 zum
1757 2490 1786 2519 J.
1804 2490 1884 2516 1355
1908 2493 1993 2516 nutet
2016 2490 2072 2515 deu

435 2539 592 2572 Ausgaben
616 2540 771 2575 angefi'ihrt
794 2541 881 2568 wird:
907 2550 978 2579 „pro
1002 2550 1089 2569 censu
1113 2542 1258 2570 domorum
1282 2544 1462 2570 meretricum
1487 2543 1525 2570 Vl
1548 2543 1669 2577 grossi.“

1868 2602 1905 2628 23
