2206 2735
1050 48 1118 82 104

159 166 287 196 toi-itali¹
318 168 428 196 nostra
464 163 569 196 eidem
608 162 724 196 Electo
760 162 812 196 vel
851 164 921 195 cius
959 160 1168 194 l'rocuratori
1205 171 1263 194 scu
1301 159 1572 205 procuratoribus
1611 162 1714 205 ipsius
1750 163 1883 193 nominc
1918 164 2008 194 iuxta

158 223 340 257 huiusmodi
371 225 600 256 concessionis
629 227 743 256 nostre
772 227 921 256 tenorem
952 233 968 255 a
999 221 1156 267 predictis
1177 222 1329 267 personis
1351 220 1434 254 infra
1455 225 1697 266 competentem
1720 223 1891 254 terminum
1912 231 2008 264 quein

157 287 204 317 eis
234 283 271 317 ad
303 283 363 316 boc
394 283 555 316 duxeritis
584 283 810 329 prcligendiun
841 281 1025 315 huiusmodi
1057 281 1234 316 subsidium
1266 280 1471 325 integraliter
1499 280 1661 315 exbiberi.
1702 280 1775 314 Non
1804 280 2008 315 obstantibus

157 343 308 376 omnibus
338 343 536 388 supradictis
566 355 623 377 scu
654 346 680 377 si
709 342 833 376 eisdem
864 345 1017 388 personis
1046 343 1100 376 vel
1138 342 1310 387 quibusvis
1345 341 1418 375 aliis
1454 345 1673 376 counnunitcr
1709 343 1762 376 vel
1799 341 1928 376 divisim
1966 341 2006 375 ab

156 403 272 436 eadem
303 403 384 436 sede
414 403 571 437 indultum
601 406 735 437 existat.
766 402 850 447 quod
882 403 1045 436 interdici.
1083 402 1239 448 suspendi
1275 402 1329 435 vel
1365 405 1648 436 excommunicari
1684 414 1749 437 non
1786 405 1911 448 possint
1949 413 2007 448 per

156 464 281 496 litteras
311 464 513 509 apostolicas
543 475 607 497 non
638 463 800 496 facientes
829 463 958 508 plenam
988 467 1021 497 et
1049 474 1247 509 expressam
1276 473 1315 496 ac
1344 462 1385 496 de
1413 461 1518 496 verbo
1557 463 1596 496 ad
1635 463 1773 497 verbum
1810 463 1850 497 de
1881 463 2004 497 indulto

155 522 336 557 huiusmodi
368 527 579 558 mentionem.
611 523 879 557 Contradictores
909 535 968 569 per
997 534 1174 557 censuram
1205 524 1469 557 ecclesiasticam
1499 525 1559 557 620.
1590 523 1707 557 Datum
1739 529 1772 558 ut
1801 535 1912 569 supra.

461 612 534 638 *Ans
559 611 614 636 «len
648 611 726 644 Orig.
753 611 825 643 lteg.
851 611 983 636 Gemens
1008 611 1062 638 Vl..
1091 611 1122 638 13.
1149 611 1201 643 Ill,
1225 611 1279 637 Th.
1305 612 1339 642 ll,
1365 610 1448 644 epist.
1476 610 1546 642 475,
1571 619 1637 644 pag,
1666 612 1739 641 10-1;
1770 611 1913 637 vidiniirte
1938 611 2003 636 Ab·

564 662 662 688 sebi-ist
688 663 722 688 ini
748 672 781 688 ni.
809 662 1065 697 Landcsarchive.)

1030 810 1133 845 1⁴⁴.

152 897 257 941 I’apst
290 898 443 930 (Veniens
472 897 524 930 ΓΙ.
553 900 721 941 yeslaltet
751 897 823 930 dem
850 897 1023 930 Olnie'ltzer
1044 896 1208 937 Bisclmfe
1236 896 1373 930 Jolmmi
1402 908 1463 930 zm·
1492 896 1679 930 leieleteren
1702 896 1864 940 Declamq
1888 899 2000 930 seiner

151 958 258 990 rieleu
297 957 483 1001 Aasyabcn
520 958 582 991 das
620 957 841 991 Ee'nlsommen
870 961 974 1002 J'ener
1010 957 1223 1001 Beneficien,
1262 957 1315 991 die
1351 969 1390 990 er
1432 969 1492 991 z-ur
1522 957 1601 991 Zest
1638 959 1752 991 seiner
1786 957 1889 992 H'alel
1923 960 2000 991 lune

321 1018 429 1053 halle.
459 1018 563 1051 ‹lm‘cle
593 1020 647 1051 ein
676 1018 784 1052 colles
811 1018 901 1052 Jaln‘
929 1030 970 1052 za
999 1018 1173 1052 bez-i'elten.
1212 1018 1272 1052 DC.
1303 1019 1459 1062 Avi-quon
1491 1018 1550 1052 22.
1580 1018 1681 1053 Febr.
1716 1019 1824 1052 1352.

302 1094 477 1147 (demens
514 1114 703 1160 Episcopus
742 1114 870 1148 Servus
909 1114 1090 1148 Servorum
1127 1113 1189 1147 Dei
1218 1112 1349 1147 Dilecto
1384 1112 1449 1147 filio
1478 1113 1622 1147 Joliauni
1650 1113 1768 1147 Electo
1797 1114 1996 1150 Olomucen.

145 1174 290 1208 Salutem
321 1179 351 1207 et
383 1176 610 1220 Apostolicam
643 1175 925 1209 Benedictioneiu.

301 1234 441 1269 Sincere
471 1236 660 1269 devotionis
690 1236 839 1278 affectus,
870 1247 966 1282 quem
997 1236 1035 1269 ad
1066 1246 1128 1269 nos
1157 1239 1191 1268 et
1219 1234 1404 1269 Romanam
1434 1238 1526 1280 geris
1556 1235 1746 1269 ecclesiam.
1790 1241 1999 1281 promeretur

145 1299 176 1327 ut
206 1298 237 1328 in
268 1295 327 1328 biis
357 1307 421 1341 que
450 1301 523 1329 sunt
553 1297 679 1330 favoris
708 1301 739 1330 et
768 1299 889 1341 gratie.
921 1307 981 1330 nos
1010 1296 1065 1329 tibi
1087 1301 1255 1342 promptos
1275 1296 1424 1341 gaudeas
1445 1299 1630 1330 invenisse.
1661 1296 1740 1330 Cum
1762 1299 1872 1342 itaque
1892 1309 1998 1344 nuper

145 1355 341 1389 olomucen.
373 1358 519 1390 ecclesie
547 1362 625 1391 tune
654 1360 787 1391 vacanti
817 1357 858 1391 de
888 1368 1029 1403 persona
1060 1361 1113 1390 tua
1142 1357 1238 1390 nobis
1269 1361 1301 1390 et
1329 1356 1486 1391 fratribus
1514 1359 1638 1391 nostris
1667 1362 1795 1391 tuorum
1825 1360 1995 1403 exigentia

143 1419 333 1450 meritorum
373 1422 511 1463 accepta
547 1417 587 1451 de
625 1417 759 1451 fratrum
796 1417 988 1451 eorumdem
1023 1418 1162 1451 consilio
1200 1417 1390 1451 duxerimus
1429 1420 1625 1451 auctoritate
1661 1418 1845 1464 apostolica
1876 1421 1997 1464 provi-

145 1476 286 1509 dendum
317 1477 520 1522 preficiendo
548 1483 581 1512 te
605 1479 710 1512 eidem
742 1479 888 1512 ecclesie
916 1481 947 1511 in
978 1478 1182 1524 Episcopum
1212 1483 1244 1511 et
1272 1477 1457 1521 Pastorem„
1488 1483 1583 1524 prout
1611 1481 1643 1512 in
1671 1481 1792 1513 nostris
1813 1479 1889 1512 iude
1909 1490 1996 1513 eon—

144 1536 240 1570 l'ectis
269 1537 372 1570 literis
402 1538 532 1583 plenius
561 1541 761 1572 continetur.
793 1538 862 1573 Nos
891 1539 1045 1572 volentes
1074 1543 1107 1572 ut
1135 1538 1358 1572 incumbentia
1387 1539 1441 1573 tibi
1471 1550 1695 1585 expensarum
1717 1550 1819 1573 onera
1841 1550 1995 1573 commo-

143 1597 215 1630 ‹lins
246 1602 442 1643 supportare
473 1599 586 1632 valeas
615 1599 655 1632 de
676 1600 813 1633 alicuius
833 1599 1065 1633 subventionis
1086 1599 1210 1633 auxilio
1230 1599 1409 1645 providere
1430 1603 1492 1634 tuis
1527 1599 1821 1646 supplicatimiibus
1851 1600 1997 1634 inclinati

143 1662 251 1690 tecum
281 1663 311 1690 ut
342 1663 373 1691 tu
404 1661 457 1703 qui
488 1658 572 1692 infra
601 1664 730 1705 teinpus
760 1659 801 1693 de
830 1661 1069 1694 consecrandis
1098 1659 1273 1706 Episcopis
1302 1673 1320 1694 a
1349 1660 1532 1694 canonibus
1561 1660 1732 1694 diffinitum
1770 1660 1840 1694 sore
1876 1661 1995 1695 dinos-

143 1721 242 1751 ceris.
281 1723 312 1750 ut
348 1730 567 1764 quecumque,
605 1724 825 1766 quotcumque
861 1724 893 1754 et
921 1721 1172 1766 qualiacumque
1199 1720 1362 1755 beneficia
1392 1722 1623 1755 ecclesiastica
1649 1724 1793 1755 etiamsi
1815 1721 1994 1766 dignitates

144 1784 344 1823 personatus
374 1779 426 1812 vel
457 1779 566 1813 officia
595 1780 716 1814 fuerint
744 1785 775 1814 et
803 1792 915 1815 curam
946 1781 1088 1815 babeant
1117 1785 1312 1820 animarum,
1342 1793 1405 1828 que
1433 1787 1583 1828 tempore
1611 1784 1828 1828 promotionis
1857 1787 1889 1815 et
1909 1793 1993 1828 pro-

143 1841 283 1872 visionis
320 1839 506 1873 huiusmodi
544 1840 719 1875 obtinebas
758 1844 842 1875 sicut
877 1841 985 1876 adhuc
1014 1841 1145 1876 obtines
1174 1853 1238 1876 una
1268 1854 1342 1877 cum
1371 1843 1486 1876 eadem
1516 1843 1660 1876 ecclesia
1690 1853 1795 1888 usque
1823 1842 1862 1876 ad
1893 1853 1991 1876 unum

143 1910 263 1932 aunum
293 1912 310 1932 a
350 1900 414 1933 dat.
451 1905 650 1946 presentium
688 1902 955 1947 computandum,
994 1906 1092 1937 etiam
1130 1907 1302 1948 postquam
1338 1914 1456 1937 munus
1491 1905 1756 1937 consecrationis
1785 1906 1989 1948 susceperiS.

143 1970 350 2005 quacumque
387 1964 622 1995 constitutione
659 1966 826 1996 contraria
865 1974 930 1996 non
964 1962 1116 1997 obstante
1153 1966 1299 1997 retinere
1336 1963 1528 2010 fructusque
1570 1965 1745 2009 percipere
1784 1973 1826 1996 ex
1864 1963 1989 1996 eisdem

144 2019 232 2052 licite
268 2022 384 2054 valeas
420 2025 617 2056 auctoritate
645 2023 827 2069 apostoliea
857 2023 898 2057 de
927 2024 1064 2069 speciali
1093 2026 1200 2068 gratia
1230 2024 1475 2069 dispensamus.
1533 2023 1671 2058 Proviso
1706 2023 1790 2068 quod
1828 2022 1990 2057 beneficia

142 2081 212 2124 ipsa
242 2080 359 2114 debitis
389 2084 518 2115 interim
548 2083 718 2128 obsequiis
743 2095 807 2117 non
838 2084 1043 2127 fraudentun
1074 2089 1107 2118 et
1135 2088 1316 2119 animarum
1344 2095 1423 2118 cura
1452 2087 1484 2118 in
1514 2087 1575 2128 eis,
1605 2083 1721 2129 quibus
1749 2083 1801 2118 illa
1832 2086 1989 2118 imminet.

143 2139 327 2173 nullatenus
357 2142 555 2186 negligatur.
604 2142 687 2177 Nulli
716 2155 798 2189 ergo
828 2149 890 2179 etc.
920 2150 1034 2179 nostre
1063 2145 1321 2192 dispensationis
1350 2145 1536 2190 infringere
1563 2149 1628 2179 etc.
1671 2144 1790 2178 Datum
1819 2145 1989 2178 Avinione

144 2199 222 2233 VIII
251 2200 417 2235 Kalendas
447 2202 554 2236 Martii
592 2204 692 2237 Anno
721 2204 872 2239 Decimo.

450 2290 522 2324 (Aus
547 2291 602 2315 den
627 2292 705 2325 ‘'i-ig.
730 2292 801 2326 Reg.
833 2292 965 2319 Clemens
989 2293 1038 2318 VI.
1074 2293 1105 2320 Β.
1136 2294 1189 2328 111,
1223 2293 1276 2319 Thi
1300 2294 1335 2325 11,
1366 2294 1450 2327 epist.
1476 2293 1548 2327 474,
1578 2301 1644 2327 pag.
1677 2293 1745 2325 103,
1777 2293 1806 2319 in
1829 2293 1989 2319 vidimirter

552 2342 699 2369 Abscbrift
723 2344 758 2369 im
785 2353 819 2370 m.
844 2343 1099 2379 Landesarchive.)
