2206 2735
1109 74 1181 108 2519

209 195 417 226 victissimus
449 191 607 235 Princeps
637 193 669 222 et
700 188 862 222 Dominus
898 187 1059 221 Dominus
1097 187 1237 220 Carolus
1279 186 1503 219 Romanorum
1543 185 1724 231 imperator
1753 197 1886 231 semper
1915 191 2075 229 augustus

209 257 242 285 ot
273 252 418 285 Boemiae
448 251 524 284 Rex
553 250 717 283 Dominus
749 253 863 282 noster
891 250 1059 292 gratiosus
1090 251 1245 292 tanquam
1276 246 1351 280 Rex
1375 246 1522 279 Boemiw
1553 249 1581 278 in
1604 249 1724 279 virtute
1748 246 1855 290 Regni
1885 251 1915 279 et
1944 257 2077 281 corona¹

211 314 357 346 lloemia·
386 317 417 345 et
456 323 497 345 ex
539 313 773 356 superioritate
809 309 962 350 dominii,
1010 307 1094 352 quod
1125 307 1185 340 sibi
1217 310 1248 340 in
1279 318 1340 340 uos
1370 310 1401 338 et
1431 310 1563 338 ceteros
1594 306 1767 352 Principes
1799 318 1837 340 ae
1869 306 2076 353 principatus

213 385 272 407 seu
304 373 452 407 Ducatus
482 371 629 404 Potoni-<n
658 373 721 404 rite
751 372 921 415 competit,
958 368 1090 414 plenum
1130 372 1163 401 et
1191 370 1356 400 notorium
1383 369 1438 410 jus
1470 366 1589 399 babeat
1619 369 1647 399 in
1679 371 1711 399 et
1743 379 1844 413 super
1873 367 2076 402 Bitunicensi

209 440 243 467 et
272 434 425 468 Coslensi
456 432 639 466 Duc-atibus
668 436 700 464 et
728 431 882 464 dominiis
911 430 951 462 ad
981 429 1117 462 eosdem
1147 426 1376 474 spectantibus
1397 431 1428 460 et
1459 426 1542 460 idem
1564 427 1703 460 ducatus
1734 428 1772 460 ad
1795 431 1898 473 ipsum
1922 434 2075 474 tanquam

211 495 338 533 Regem
369 493 513 526 Boemiae
543 497 576 525 et
605 492 780 525 Dominum
821 494 970 524 nostruin
1001 500 1061 534 per
1099 493 1236 521 mortem
1268 489 1442 521 illustrium
1474 487 1661 533 Principum
1693 487 1820 521 Ducum
1852 489 2076 523 llituuicensis

209 559 242 588 et
268 536 445 587 hostensis
475 556 577 599 patris
608 558 640 586 et
669 552 735 591 titii,
766 554 819 596 qui
850 555 957 584 terras
987 549 1122 583 easdem
1154 554 1186 583 et
1216 548 1367 582 Ducatus
1398 560 1415 581 a
1443 549 1581 594 przel'ato
1604 548 1746 581 Domino
1776 554 1893 582 nostro
1924 555 2076 595 tanquam

211 615 307 658 Rege
338 613 481 646 Boemiae
511 625 573 647 nec
603 624 668 646 non
707 612 747 646 ab
785 614 888 657 ipsius
917 610 1028 654 Regni
1070 620 1196 643 corona
1235 613 1265 642 in
1303 609 1435 642 feudum
1466 612 1617 643 tenuisse
1660 616 1855 645 noscuntur.
1900 614 1961 644 sint
2002 614 2077 655 jure

208 678 375 709 communi
422 679 454 707 et
501 673 685 720 approbata
731 677 894 710 terrarum
943 672 1087 705 Poloniae
1125 670 1277 704 laudabili
1314 670 1559 703 consuetudine
1597 670 1637 703 de
1667 675 1759 704 certa
1794 676 1907 705 nostra
1937 676 2075 706 scientia

209 737 356 781 legitime
385 735 532 769 devoluti
563 746 602 768 ac
631 734 670 768 ad
701 737 807 780 ipsum
839 734 930 767 velut
958 732 1047 766 feudi
1078 731 1253 765 Dominum
1284 735 1440 775 tanquam
1471 742 1524 764 res
1550 733 1640 774 justo
1671 732 1762 764 titulo
1793 731 1970 773 devolutze„
1992 737 2075 767 sicut

209 799 428 842 praemittitur,
459 797 646 840 pertineant
674 795 774 840 pleno
799 795 886 837 jure,
917 798 1026 826 tamen
1058 791 1214 837 praefatus
1242 791 1405 824 Dominus
1428 795 1544 824 noster
1573 803 1616 824 ex
1638 794 1751 825 innato
1782 791 1841 825 sibi
1864 792 2076 837 benignitatis

208 856 322 890 officio
352 861 385 889 et
414 858 605 900 gratiosiori
636 854 763 888 favoris
794 853 1020 887 munificentia
1056 852 1152 887 nobis
1181 852 1324 889 indulsit.
1375 851 1461 898 quod
1502 855 1590 885 inter
1632 864 1692 886 nos
1726 858 1836 887 mutuo
1875 854 1914 887 de
1948 855 2076 898 juribus

211 917 306 951 nobis
341 915 609 962 competentibus
644 917 790 961 experiri
827 924 1005 960 possemus
1040 918 1071 947 et
1101 925 1203 959 super
1238 916 1334 946 terris
1364 912 1489 946 eisdem
1520 915 1591 946 siue
1622 913 1804 948 Ducatibus
1833 918 1922 948 viam
1951 916 2078 950 dislini-

211 980 309 1011 tionis
340 988 399 1011 seu
428 979 682 1022 compositionis
712 976 864 1022 amplecti
890 977 1019 1019 justitia
1049 980 1083 1008 et
1111 986 1237 1008 amore.
1294 974 1365 1008 Nos
1410 977 1510 1016 igitur
1552 974 1762 1008 considerata
1799 981 1862 1009 tam
1901 977 2078 1021 singularis

208 1039 424 1083 benignitatis
453 1040 576 1082 gratia,
606 1048 669 1083 qua
698 1036 861 1071 Dominus
891 1041 1009 1070 noster
1041 1035 1212 1081 predictus
1242 1034 1394 1068 cedendo
1419 1036 1484 1078 juri
1514 1037 1562 1068 sui
1592 1035 1749 1081 praedicto
1778 1036 1838 1070 sibi
1869 1041 1902 1070 ut
1929 1041 2077 1082 praemit-

216 1103 293 1132 titur
322 1102 453 1132 notorie
482 1100 697 1144 competenti,
727 1097 809 1140 Nos,
839 1102 958 1131 statum
989 1101 1022 1130 et
1050 1096 1278 1130 conditionem
1308 1100 1457 1129 nostram
1488 1095 1650 1129 favorose
1680 1100 1903 1142 prosequitur.
1943 1109 1984 1131 ne
2014 1103 2078 1131 tam

210 1161 351 1203 insignis
381 1163 478 1192 actus
506 1168 683 1202 generosae
711 1160 842 1191 virtutis
872 1158 939 1191 luat
967 1157 1177 1203 dispendium
1208 1161 1262 1190 aut
1291 1155 1353 1189 sibi
1384 1156 1436 1190 vel
1460 1159 1530 1189 suis
1553 1155 1735 1190 heredibus
1759 1157 1895 1191 Boemie
1916 1158 2079 1203 Regibus,

212 1220 364 1253 Dominis
394 1222 516 1253 nostris
546 1222 576 1252 in
609 1218 763 1252 damnum
785 1221 974 1264 proveniat,
1004 1230 1076 1264 quae
1105 1220 1136 1251 iu
1158 1228 1219 1251 uos
1241 1216 1463 1250 munificentia
1486 1217 1614 1251 liberali
1638 1217 1812 1259 distribuit.
1843 1223 2079 1265 protestamur,

211 1280 362 1316 dicimus.
402 1283 679 1324 recognoscimus
719 1283 751 1312 et
787 1279 827 1312 ad
858 1278 1020 1325 publicam
1051 1282 1196 1313 omnium
1226 1279 1441 1324 perducimus
1471 1281 1653 1314 notionem.
1702 1279 1788 1324 quod
1819 1290 1862 1313 ex
1893 1280 2078 1314 buiusmodi

215 1344 374 1374 cessione
403 1343 567 1385 gratiosa,
613 1352 685 1386 quae
727 1340 768 1373 de
811 1343 892 1374 meri
935 1339 1064 1373 favoris
1094 1343 1219 1386 pietate
1248 1342 1423 1385 processit.
1472 1337 1594 1372 nullum
1624 1340 1762 1385 praefato
1793 1339 1936 1374 Domino
1966 1347 2080 1375 nosti-o

215 1401 303 1446 Regi
333 1401 480 1435 Boemiae
510 1400 689 1435 heredibus
725 1405 757 1434 et
786 1400 1040 1435 successoribus
1071 1404 1140 1435 suis
1171 1400 1315 1434 noemia»
1344 1400 1493 1444 Regibus
1523 1400 1672 1434 Dominis
1703 1405 1825 1435 nostris
1856 1406 1886 1435 et
1916 1402 1955 1435 ad
1987 1404 2082 1447 ejus—

218 1462 295 1495 dem
326 1461 438 1507 Regni
469 1460 610 1495 Corona¹
640 1464 728 1495 circa
759 1461 887 1495 futuras
916 1461 1150 1495 devolutiones
1179 1467 1339 1495 terrarum
1369 1466 1568 1496 nostrarum.
1606 1461 1862 1508 Principatuum,
1895 1462 2078 1497 Ducatuum

217 1527 251 1556 et
280 1525 557 1568 pertinentiarum
588 1521 820 1567 quarumlibetq
863 1525 993 1568 quoties
1037 1522 1175 1556 eosdem
1214 1534 1272 1556 seu
1310 1522 1446 1556 easdem
1485 1526 1515 1556 in
1546 1534 1626 1556 casu
1657 1523 1751 1556 simili
1783 1523 1835 1557 vel
1866 1523 1929 1556 alio
1958 1528 2078 1570 quovis

216 1584 365 1627 legitimo
395 1583 487 1616 titulo
516 1593 642 1616 vacare
671 1586 855 1627 continget,
886 1586 994 1629 possit
1023 1594 1081 1617 seu
1112 1583 1233 1617 debeat
1261 1583 1414 1617 damnum
1444 1594 1503 1617 seu
1533 1583 1761 1629 praejudicium
1782 1587 1951 1628 generari.
1985 1584 2079 1618 Prte-

216 1646 357 1677 sentium
401 1643 462 1678 sub
506 1646 631 1677 nostris
675 1644 794 1688 sigillis
838 1646 1028 1678 testimonio
1065 1644 1246 1678 literarum.
1305 1644 1423 1677 Datum
1462 1644 1576 1688 Pragw
1605 1646 1706 1677 Anno
1736 1644 1870 1678 Domini
1900 1644 2078 1679 Millesimo

217 1706 456 1738 trecentesimo
486 1703 773 1749 Quinquagesimo
802 1707 915 1748 quinto
945 1703 1083 1738 sabbato
1113 1708 1265 1749 proximo
1296 1709 1370 1750 post
1398 1704 1484 1738 diem
1514 1708 1621 1738 sancti
1651 1705 1860 1739 VVenceslai.

528 1782 604 1815 (ΑΗΒ
630 1783 727 1810 privil.
753 1783 825 1817 Rog.
850 1783 969 1809 Bohem.
994 1783 1126 1809 Manusk.
1152 1784 1189 1809 M.
1215 1783 1276 1810 Vll.
1304 1784 1342 1808 ‘28
1368 1793 1395 1817 p.
1425 1784 1518 1820 19‘2f'b
1554 1785 1589 1809 im
1616 1783 1896 1819 LandosArchivo.)

1097 1930 1205 1964 2319.

215 2016 257 2048 Κ.
290 2016 381 2048 Kar-l
408 2015 469 2049 11³.
501 2016 554 2048 als
583 2016 698 2061 Koniq
726 2028 791 2050 cora
820 2017 984 2059 Balanea,
1023 2018 1201 2060 widerruft
1230 2017 1284 2049 die
1312 2020 1411 2050 nsoter
1440 2018 1512 2050 dem
1542 2018 1679 2051 Names!
1709 2019 1881 2062 Majeslas
1913 2019 2080 2052 Carolz'na

671 2077 862 2111 bekannten
894 2078 1051 2111 Gesetz-e.
1107 2078 1167 2111 Di.
1200 2078 1305 2121 Pray⁷
1336 2077 1369 2110 6.
1404 2077 1480 2111 Olet.
1515 2077 1624 2112 1355.

373 2144 420 2197 ¹¹1
449 2163 593 2197 Nomine
629 2169 755 2198 sanctae
794 2169 826 2198 et
863 2164 1041 2198 individuae
1076 2164 1247 2199 Trinitatis
1283 2165 1425 2199 feliciter
1455 2166 1575 2199 Amen.
1633 2166 1774 2199 Karolus
1803 2171 1938 2212 quartus
1968 2167 2080 2201 divina

212 2224 349 2257 favente
378 2224 554 2258 clementia
586 2224 813 2258 Romanorum
843 2224 1028 2271 Imperator
1057 2237 1193 2271 semper
1221 2226 1394 2271 Augustus
1423 2231 1456 2260 et
1485 2227 1630 2260 Boemife
1662 2227 1745 2261 Rex.
1791 2227 1908 2261 Notum
1938 2228 2078 2262 facimus

212 2288 329 2317 tenore
359 2287 572 2330 praesentium
603 2288 789 2327 universis,
820 2286 907 2332 quod
936 2286 1011 2320 licet
1047 2289 1115 2330 Jam
1145 2286 1264 2320 dudum
1295 2287 1335 2320 de
1364 2288 1516 2325 consilioq
1548 2288 1729 2327 voluntate,
1760 2291 1900 2322 scientia
1931 2293 1963 2322 et
1991 2300 2078 2322 con—-

213 2355 314 2378 sensu
343 2349 530 2379 nostrorum
561 2350 593 2379 et
622 2346 730 2391 Regni
759 2350 864 2380 nostri
900 2346 1037 2381 Boemie
1067 2347 1254 2393 Principum
1285 2353 1317 2381 et
1346 2348 1512 2381 Baronum
1537 2350 1612 2392 jura
1651 2349 1797 2394 quaedam
1833 2349 2077 2383 adinvenienda

212 2404 405 2438 duxerimus
444 2410 476 2439 et
513 2409 611 2440 etiam
651 2407 825 2440 statuenda
862 2407 1047 2453 eademque
1083 2408 1296 2454 quorumdam
1334 2408 1523 2454 Principum
1562 2414 1594 2442 et
1638 2409 1803 2443 Bai-onum
1843 2410 2076 2455 praedictorum

215 2464 400 2499 accedente
435 2467 576 2501 consilio
614 2472 645 2500 et
681 2479 846 2513 expresso
884 2480 1054 2502 consensu
1090 2472 1121 2502 in
1158 2472 1291 2515 seriptis
1327 2469 1461 2503 redacta
1499 2475 1531 2503 et
1565 2474 1595 2503 in
1640 2481 1703 2503 uno
1742 2471 1910 2504 volumine
1953 2471 2076 2504 fuerint

214 2526 370 2570 sigillata,
400 2531 497 2572 prout
526 2527 589 2561 boc
618 2531 649 2561 in
680 2531 842 2562 notoriam
872 2534 904 2562 et
924 2529 1088 2575 publicam
1117 2530 1237 2575 prodiit
1257 2533 1437 2572 notionem,
1467 2530 1550 2571 Quia
1571 2536 1679 2564 tamen
1711 2531 1881 2575 praet'aium
1910 2531 2079 2573 volumen,

213 2585 299 2630 quod
321 2586 477 2620 videlicet
503 2590 589 2621 sicut
617 2588 794 2634 praefertur
823 2589 930 2623 suerat
959 2590 1035 2624 inde
1056 2590 1259 2627 confectum„
1290 2601 1354 2624 una
1384 2602 1457 2624 cum
1478 2591 1595 2635 sigillis
1624 2592 1730 2625 eidem
1752 2594 1910 2638 appensis
1940 2591 2076 2626 fortuito

1867 2662 1924 2686 3ὃᾶ
