2206 2735
1026 0 1094 32 112

139 115 270 160 politico
299 112 448 146 subesse.
478 122 517 145 ac
547 110 607 144 sibi
637 113 735 144 ctiam
765 113 796 144 in
827 110 969 144 ecclesia
993 110 1135 155 l'ragen.
1167 113 1198 144 in
1227 109 1346 144 divinis
1375 110 1494 144 ofliciis
1523 112 1623 144 certis
1659 110 1862 156 temporibus
1891 114 1983 145 assi-

137 180 238 209 stere.
277 184 315 207 ac
346 177 437 205 certa
468 171 531 204 alia
562 170 687 207 facere.
724 182 787 216 que
816 181 916 216 super
945 170 1005 203 biis
1034 170 1234 204 videbuntur
1262 170 1476 217 solempniter
1505 171 1701 209 ordinanda,
1737 175 1766 204 et
1801 171 1885 216 qnod
1916 171 1982 205 bu-

137 235 234 268 beant
265 237 373 266 certas
403 231 574 265 distinctas
603 230 757 265 dioceses
787 234 819 264 et
847 235 1076 276 competentes
1105 231 1264 275 redditus„
1295 236 1392 277 prout
1419 234 1527 266 visum
1550 231 1647 266 suerit
1667 231 1840 277 expedire.
1872 232 1983 272 Quare

136 295 281 341 prefatus
318 293 392 326 Rex
430 291 526 326 nobis
562 291 727 325 humiliter
763 292 972 337 supplicavit.
1011 297 1045 325 nt
1081 291 1120 325 ad
1158 291 1220 325 bec
1257 290 1433 325 salubriter
1468 292 1651 326 ordinanda
1680 292 1865 337 apostolice
1893 292 1982 326 sedis

136 360 245 401 partes
275 363 445 399 apponere
474 352 698 397 dignaremur.
732 351 798 385 Nos
829 354 926 396 igitur
954 351 1136 385 lniiusiuodi
1167 356 1198 385 et
1227 351 1297 385 aliis
1327 354 1387 397 piis
1417 354 1503 385 votis
1524 352 1628 397 Regis
1649 352 1798 386 eiusdem
1828 356 1983 397 quantum

136 427 207 449 cum
239 414 310 447 Deo
339 425 525 460 possumus.
556 412 784 446 favorabiliter
812 423 960 446 annuere
989 415 1161 457 cupientes
1191 415 1264 457 qnia
1294 412 1334 445 dc
1362 415 1531 457 premissis
1559 416 1705 447 notitiam
1727 424 1790 446 non
1813 412 1983 449 babemus..

135 478 424 521 circumspectioni
462 479 577 508 vestre
613 473 654 507 de
691 485 754 518 qua
793 476 823 506 in
863 472 924 506 biis
953 477 986 506 et
1014 473 1084 506 aliis
1114 472 1264 506 fiduciam
1293 475 1440 516 gerimus
1469 475 1500 505 in
1532 471 1671 506 Domino
1700 473 1894 519 spectaten=‚
1924 484 1984 519 per

134 537 319 582 apostolica
347 538 469 582 scripta
499 537 731 568 committinms
760 538 790 567 et
820 534 1024 571 mandamus,
1055 535 1206 578 quatinus
1234 544 1334 579 super
1363 535 1534 578 premissis
1563 533 1715 567 omnibns
1739 538 1770 567 et
1795 534 1984 579 specialiter

134 601 164 630 in
195 600 395 631 erectiones.
425 600 458 629 et
486 595 549 628 alia
580 597 744 640 premissa
774 597 847 628 sine
877 593 1015 627 aliorum
1046 593 1228 638 preiudicio
1257 593 1327 627 lieri
1357 596 1496 639 possint,
1531 598 1564 627 et
1591 604 1633 626 an
1662 597 1770 628 onmia
1800 594 1870 628 loca
1902 605 1983 640 pre-

134 658 219 691 dicta
259 661 289 690 in
328 655 443 702 quibus
481 655 702 701 Episcopales
737 655 837 688 sedes
867 657 949 699 erigi
980 654 1197 699 postulantur,
1231 654 1285 687 vel
1314 665 1378 699 que
1406 665 1449 688 ex
1480 656 1560 699 ipsis
1589 656 1732 698 insignia
1762 659 1793 688 et
1822 654 1983 700 populosa

134 723 164 752 et
195 718 275 752 alias
304 722 378 763 apta
415 721 447 750 et
475 727 623 760 congrua
653 715 692 749 ad
723 715 821 749 sedes
851 714 1036 749 huiusmodi
1072 714 1149 748 inibi
1188 714 1367 759 erigendas
1398 716 1556 749 existant.
1596 718 1627 748 et
1665 714 1749 759 quod
1779 714 1982 749 Monasteria

135 784 165 813 ct
190 778 336 812 ecclesie
364 777 468 811 subici
497 776 656 811 decenter
684 778 823 822 possint.
854 775 993 820 singulis
1022 775 1148 809 eisdem
1179 775 1334 809 ecclesiis
1356 775 1534 819 erigendis
1564 778 1684 821 quique
1704 776 1824 809 limites
1845 776 1983 820 singulis

134 850 247 874 earum
278 838 467 873 diocesibus
496 837 630 871 valeant
659 840 837 881 assignari.
869 842 900 870 et
929 839 1065 883 insuper
1093 841 1169 882 quot
1199 836 1357 870 Canonici
1392 840 1425 870 et
1453 840 1530 882 quot
1560 836 1749 880 dignitates.
1787 841 1982 882 personatus

135 911 192 934 seu
223 900 332 934 oflicia
361 910 400 932 ac
430 898 483 932 alii
513 902 698 932 servitores
727 902 758 932 et
788 901 926 931 ministri
956 901 987 931 in
1017 898 1156 942 singulis
1185 897 1309 931 eisdem
1332 897 1485 931 ecclesiis
1506 900 1583 943 poni
1605 909 1664 931 seu
1686 900 1819 939 institui,
1850 901 1882 931 et
1902 908 1984 943 per-

134 965 232 1007 petuo
269 972 346 994 esse
379 962 516 1006 possint.
556 970 596 993 ae
633 962 731 992 etiam
769 970 832 1005 que
870 963 903 993 et
939 963 1058 1005 quanta
1095 958 1155 992 dos
1192 963 1224 992 et
1254 958 1341 992 unde
1377 958 1517 1002 singulis
1545 957 1722 1004 Episcopis
1751 963 1783 992 et
1812 958 1983 1004 Capitulis.

134 1021 356 1067 dignitatibus,
391 1020 625 1066 personatibus
661 1024 691 1054 et
727 1020 845 1054 ot'ticiis
883 1021 1022 1066 aliisque
1058 1018 1276 1053 servitoribus
1314 1023 1345 1052 et
1383 1021 1539 1053 ministris
1577 1018 1761 1052 huiusmodi
1804 1021 1982 1063 assignari.

135 1088 164 1116 et
194 1082 280 1116 unde
308 1082 371 1115 alia
401 1081 528 1115 eisdem
559 1081 779 1115 incumbentia
808 1092 910 1115 onera
942 1081 1075 1115 valeant
1103 1083 1303 1126 supportari,
1334 1091 1396 1113 nec
1425 1091 1490 1113 non
1521 1079 1560 1113 de
1584 1080 1657 1114 aliis
1677 1079 1830 1114 omnibus
1859 1084 1891 1113 et
1909 1083 1983 1114 sin-

133 1144 217 1187 gulis
247 1145 501 1176 circumstantiis
531 1145 709 1184 universis,
739 1153 803 1187 qne
833 1147 907 1176 sunt
937 1145 969 1175 in
998 1140 1116 1175 talibus
1145 1140 1358 1179 attendendo,
1397 1143 1484 1174 omni
1515 1140 1683 1185 diligentia
1712 1145 1745 1174 et
1773 1140 1984 1174 solicitudine

136 1203 299 1238 adhibitis.
330 1206 524 1237 auctoritate
553 1208 666 1237 nostra
696 1214 758 1237 vos
788 1203 977 1247 diligentius
1006 1201 1188 1235 informare
1216 1205 1350 1244 curetis,
1387 1206 1421 1235 et
1457 1213 1495 1235 ea
1535 1213 1598 1247 que
1632 1212 1691 1247 per
1718 1201 1983 1235 informationem

136 1264 320 1298 huiusmodi
350 1266 557 1298 inveneritis.
589 1268 621 1297 et
650 1275 713 1310 que
742 1275 842 1309 super
871 1263 932 1297 hiis
961 1263 1122 1296 decenter
1150 1267 1183 1296 et
1212 1262 1389 1296 salubriter
1416 1262 1567 1296 videritis
1597 1274 1698 1309 posse
1726 1262 1795 1296 fieri
1826 1262 1981 1297 ordinari.

136 1337 236 1371 super
264 1324 381 1370 quibus
410 1324 559 1358 omnibus
588 1329 720 1358 vestras
748 1327 971 1358 conscientias
999 1334 1177 1357 oneramus
1206 1334 1265 1368 per
1294 1327 1426 1357 vestras
1456 1323 1568 1357 literas
1598 1323 1713 1367 sigillis
1743 1326 1868 1357 vestris
1905 1334 1982 1357 mu—

135 1389 229 1421 nitas.
262 1396 320 1419 seu
352 1385 483 1432 publica
514 1388 731 1419 iustrumenta
761 1384 874 1418 barum
904 1388 1025 1419 seriem
1055 1387 1259 1418 continentia
1289 1387 1485 1430 quantocius
1516 1384 1655 1417 lideliter
1674 1387 1825 1417 intimare
1845 1386 1981 1418 curetis.

137 1450 167 1479 nt
197 1457 297 1491 super
326 1445 386 1479 hiis
416 1446 511 1491 plena
542 1445 730 1479 informatio
760 1457 777 1479 a
808 1444 902 1479 vobis
932 1444 1040 1478 habita
1072 1447 1178 1490 possit
1208 1455 1309 1490 super
1337 1447 1386 1478 eis
1415 1455 1474 1490 per
1502 1456 1562 1478 nos
1598 1449 1630 1478 et
1659 1445 1771 1478 sedem
1802 1444 1980 1490 predictam

135 1506 311 1540 salubriter
339 1506 518 1552 provideri.
550 1505 643 1547 Quod
673 1508 699 1539 si
730 1516 795 1539 non
825 1517 940 1539 omnes
970 1505 1032 1539 hiis
1054 1505 1260 1550 exequendis
1281 1507 1451 1551 potueritis
1472 1507 1650 1547 interesse,
1680 1509 1711 1538 tu
1732 1504 1834 1538 frater
1854 1504 1981 1538 Archi-

137 1570 295 1612 episcope
324 1578 397 1600 cum
428 1577 540 1600 eorum
575 1567 680 1600 altero
717 1577 757 1600 ea
787 1566 1029 1600 nicholominus
1059 1569 1252 1612 exequaris.
1309 1565 1429 1600 Datum
1461 1567 1630 1600 Avinione
1658 1565 1704 1599 Vl
1733 1565 1848 1599 Nonas
1876 1564 1983 1599 Martii

139 1629 238 1661 Anno
267 1627 416 1663 Decimo.

445 1681 518 1715 (Aus
543 1681 596 1706 den
623 1681 702 1714 Orig.
728 1680 876 1714 Regesten
901 1680 1033 1706 Clemens
1058 1680 1116 1715 VL,
1147 1680 1180 1707 B.
1206 1680 1234 1715 3,
1261 1680 1315 1707 Th.
1342 1680 1370 1715 2,
1395 1680 1478 1713 epist.
1504 1679 1574 1710 407,
1598 1688 1626 1713 p.
1654 1680 1728 1711 1043
1758 1679 1903 1705 vidimirte
1929 1679 1984 1703 Ab·

548 1731 647 1758 schrift
678 1732 715 1758 im
740 1741 776 1759 in.
800 1731 1060 1768 Landesarehive.)

1018 1879 1036 1914 1
1046 1879 1117 1914 50.

193 1957 380 2002 illm-hyras
400 1956 535 1990 ιΙοΙιαηιι
564 1967 627 1991 eon
657 1957 800 1990 Maleren
830 1956 994 2002 bestatiqt
1022 1957 1082 1990 der
1110 1957 1214 1991 stadt
1243 1956 1374 1990 Olmiltz
1401 1957 1463 1990 das
1491 1956 1688 1990 sdclesz'selce
1716 1955 1930 1990 Statio-ecla.

789 2017 849 2052 Db.
881 2018 999 2051 Bruma
1026 2018 1061 2052 3.
1090 2018 1190 2052 Mcc'rz
1221 2017 1330 2051 1352.

297 2094 385 2147 Ros
420 2112 590 2147 Johannes
629 2113 688 2147 Dei
723 2115 831 2158 gratia
870 2112 1017 2147 Marchio
1045 2112 1203 2147 Morauiae
1235 2112 1352 2146 Notum
1382 2112 1521 2146 facimus
1553 2111 1739 2150 Vniversis,
1778 2110 1871 2152 Quod
1901 2114 1986 2145 inter

145 2178 275 2216 caeterat
305 2185 376 2219 quae
405 2174 635 2208 sollicitudinis
665 2179 785 2208 nostrae
814 2185 893 2208 cura
922 2177 1077 2208 continua
1111 2174 1322 2207 meditatione
1356 2173 1574 2219 amplectitur„
1616 2172 1691 2206 illud
1726 2172 1985 2206 considerationi

146 2239 266 2268 nostrae
293 2237 431 2277 occurit,
461 2237 626 2281 praecipue
656 2235 796 2280 qualiter
824 2234 998 2268 Ciuitatem
1025 2234 1181 2268 Nostram
1209 2233 1478 2275 Olomueenseni,
1508 2244 1578 2278 quae
1607 2235 1638 2266 in
1668 2237 1783 2266 nostro
1812 2231 1984 2265 Mai-chio-

146 2301 222 2329 natu
260 2294 414 2341 Capitalis
452 2298 580 2338 existit,
619 2295 726 2340 dignis
764 2298 993 2341 praerogativis
1026 2300 1057 2329 et
1092 2298 1208 2340 gratiis
1238 2295 1434 2328 attollamus.
1492 2293 1570 2326 Cum
1600 2295 1699 2337 igitur
1728 2293 1924 2327 Advocatus
1954 2298 1984 2326 et

147 2357 263 2390 ,lui-ati.
293 2367 332 2389 ac
362 2355 570 2390 Universitas
599 2358 702 2402 ipsius
731 2356 881 2390 Civitatis
910 2355 1024 2390 fideles
1053 2359 1154 2390 nostri
1184 2355 1293 2388 dilecti
1323 2354 1484 2388 hactenus
1512 2353 1591 2387 Jura
1612 2364 1670 2387 sua
1692 2352 1862 2387 hincinde
1881 2364 1984 2387 rece-

147 2420 263 2462 perint,
293 2420 325 2450 in
353 2427 440 2450 nova
471 2416 611 2450 Civitate
641 2417 694 2450 vel
723 2428 782 2462 per
810 2418 948 2463 amplius
977 2421 1071 2450 extra
1103 2419 1260 2450 terminos
1289 2417 1394 2449 nostri
1415 2413 1660 2448 Mareliionatus
1688 2416 1720 2447 iu
1746 2412 1984 2451 Freudenthat

149 2488 214 2510 non
243 2480 314 2511 sine
342 2480 488 2522 ipsorum
517 2480 660 2510 inaximo
689 2477 874 2523 dispendio⁷
903 2481 935 2510 et
964 2476 1023 2511 sub
1052 2478 1197 2522 plurimis
1225 2486 1336 2510 rerum
1365 2486 1404 2509 ac
1429 2485 1646 2520 personarum
1668 2485 1802 2508 suarum
1830 2473 1986 2520 periculis
