2206 2735
1121 63 1166 97 53

221 185 313 215 taxat
341 180 536 221 hallensem,
574 178 636 212 hoc
665 177 757 211 saluo
786 176 870 222 quod
900 180 1071 222 postquam
1101 173 1215 209 Murus
1254 176 1340 208 dicte
1369 176 1515 208 Ciuitatis
1546 175 1826 208 Lutliomuslcnsis
1855 180 2066 208 consumatus

220 243 366 275 extiterit
395 243 574 274 memorata
604 240 718 283 gracia
747 249 807 271 seu
835 236 994 270 indultum
1023 235 1206 280 recipiendi
1236 234 1413 268 thelonium
1444 234 1642 268 antedictum
1665 235 1703 268 ad
1734 236 1891 269 vlteriora
1919 240 2065 281 tempora

220 304 352 336 minime
381 311 419 335 se
447 299 617 334 extendat.
674 297 871 332 Mandantes
900 295 1049 330 fidelibus
1087 299 1209 330 nostris
1239 296 1367 330 dilectis
1395 295 1567 330 iudicibus
1596 300 1627 329 et
1654 295 1777 330 Juratis
1808 295 1940 330 Uiuibus
1969 295 2065 330 Ciui-

220 366 320 396 tatum
350 362 478 395 scilicet
507 359 747 401 Crudimmsis,
777 357 962 392 llluthensis
993 361 1024 390 et
1055 357 1249 394 l'olicensis.
1289 361 1450 401 quatenus
1480 356 1642 403 prefatam
1671 360 1819 401 graciam
1849 361 1880 390 et
1910 357 2065 390 indultum

219 426 251 456 in
280 425 344 456 iam
372 421 465 455 dictis
496 419 689 454 Ciuitatibus
719 419 834 453 dicbus
863 417 1054 452 forensibus
1084 422 1148 451 timi
1175 429 1234 464 per
1257 418 1378 451 dictum
1407 417 1594 451 Johannem
1625 416 1736 463 Episc.
1758 416 2065 452 Luthomuslensem

218 485 399 530 principem
429 485 461 515 et
484 481 638 514 deuotum
669 485 817 514 nostrum
847 478 1061 512 Carissimum
1093 483 1145 512 aut
1175 489 1395 512 successores
1425 489 1502 512 suos
1524 479 1577 512 vel
1598 481 1730 512 nomine
1755 480 1901 524 ipsorum
1922 482 2066 525 requisiti

217 543 349 584 fuerint,
378 542 504 576 faciant
533 541 663 587 publice
693 540 901 586 proclamari.
931 539 1067 582 Harum7
1097 539 1214 584 quibus
1243 539 1429 573 Maiestatis
1459 543 1571 573 nostre
1593 539 1743 584 Sigillum
1765 539 1906 584 appendi
1926 539 2066 573 fecimus

218 605 405 638 testimonio
433 603 612 636 literarum.
644 602 761 636 Datum
791 603 823 634 in
853 600 1013 634 Budweis
1041 600 1143 634 Anno
1173 600 1295 634 domini
1315 599 1489 634 Millesimo
1510 600 1762 634 Trecentesimo
1783 599 2066 645 Qninquagcsimo

218 667 321 711 primo
350 663 542 698 Indiccione
571 667 699 709 quarta,
735 661 798 695 1111
826 660 941 695 Nonas
970 660 1048 695 Maii
1077 661 1270 706 Regnorum
1300 665 1486 695 nostrorum
1516 672 1603 694 anno
1632 663 1756 706 quint0.

526 738 688 777 (Abseiirift
713 741 741 766 in
767 741 817 766 der
842 740 908 766 ltoe.
934 739 1070 772 Sammlg.
1097 739 1146 766 Nr.
1172 740 1250 765 4201
1278 740 1315 765 im
1340 739 1606 773 Laudes-Archiv.)

1108 860 1183 895 33.

218 941 387 975 Albreclz!
415 940 554 983 Herzog]
582 951 645 973 ron
678 939 897 972 Oestea-reieli
926 939 1128 981 rersprielm
1161 940 1241 972 dass
1270 950 1308 971 er
1336 938 1390 971 die
1419 938 1719 981 ansi·eihre1·iscleen
1746 938 1978 972 Untertktmeu
2009 938 2066 971 des

327 1001 551 1045 Marltqrafen
579 1000 715 1033 Johamz
745 1011 808 1032 ran
838 999 981 1033 Melki-en
1011 999 1103 1033 m'cht
1131 999 1292 1033 sckfetzen
1323 999 1430 1032 wolle.
1466 999 1521 1032 D!⁴
1560 999 1656 1034 Wien
1684 998 1718 1032 6.
1749 999 1825 1032 Μαί
1853 998 1961 1032 1351.

371 1077 461 1130 Ros
490 1095 649 1130 Albertus
679 1096 731 1129 dei
759 1098 874 1140 gracia
902 1095 979 1129 Dux
1009 1096 1145 1129 Austric
1176 1096 1277 1129 Stirie
1305 1100 1337 1128 et
1365 1094 1538 1129 liarintbie
1566 1095 1718 1128 dominus
1749 1094 1901 1128 Uarniole
1920 1093 2069 1128 Marchie

216 1169 254 1191 ac
285 1157 525 1191 Portusnaonis
555 1158 675 1190 Comes
704 1160 736 1190 in
766 1156 962 1190 Habsburch
996 1161 1027 1190 et
1056 1156 1222 1189 Chiburch
1260 1167 1390 1189 necnon
1426 1155 1646 1200 Lantgrauius
1678 1155 1812 1189 Alsacie
1841 1154 2069 1200 Dominusque

218 1217 441 1251 Phirretarum
470 1217 523 1250 Ad
553 1219 785 1251 vniuersorum
814 1219 969 1250 noticiam
1000 1227 1136 1261 quorum
1168 1220 1334 1250 interesse
1362 1216 1461 1250 fuerit
1488 1219 1637 1262 cupimus
1667 1219 1855 1262 peruenire.
1886 1216 1978 1256 Quod
2005 1227 2068 1249 cu-

218 1281 347 1324 pientes
375 1281 499 1313 nostris
529 1289 714 1323 precauere
743 1277 925 1323 dispendiis
955 1282 987 1311 et
1017 1282 1180 1311 terrarum
1210 1281 1396 1311 nostrarum
1427 1277 1574 1311 comodis
1603 1288 1643 1310 ac
1672 1278 1766 1311 saluti
1795 1276 1958 1311 salubrius
1983 1288 2068 1322 pro-

218 1339 332 1372 uidere
361 1338 402 1372 ad
431 1339 626 1372 firmandam
655 1341 838 1372 amiciciam
869 1341 954 1372 inter
982 1349 1043 1372 nos
1072 1343 1105 1371 et
1126 1338 1267 1372 heredes
1286 1343 1419 1372 nostros
1445 1349 1488 1372 ex
1507 1350 1573 1372 vna
1595 1342 1626 1371 et
1646 1337 1860 1382 Magnificum
1889 1340 2069 1383 principem

217 1399 383 1433 dominum
412 1398 600 1432 Johannem
628 1398 858 1432 Marchionem
887 1398 1037 1433 Morauie
1073 1398 1205 1432 at'linem
1250 1403 1398 1433 nostrum
1428 1399 1581 1432 dilectum
1611 1410 1650 1432 ac
1678 1398 1820 1432 heredes
1850 1398 1998 1432 eiusdem
2027 1409 2069 1431 ex

218 1464 310 1505 parte
339 1459 454 1500 altera„
485 1459 766 1493 consideracione
795 1470 876 1493 sana
906 1464 940 1493 et
967 1459 1215 1493 deliberacione
1246 1463 1372 1493 matura
1402 1459 1508 1493 eidem
1537 1459 1722 1493 Marchioni
1743 1464 1774 1493 et
1794 1458 1972 1492 heredibus
2001 1462 2070 1492 suis

217 1531 279 1554 nos
308 1531 373 1554 vna
403 1530 477 1553 cum
506 1521 602 1553 dictis
635 1520 815 1554 heredibus
852 1524 974 1554 nostris
1004 1524 1220 1554 astrinximus
1250 1525 1280 1553 ct
1309 1523 1522 1565 astringimus
1555 1532 1616 1566 per
1645 1525 1819 1566 presentes
1848 1521 1991 1553 manuali
2016 1519 2071 1552 l'e-

219 1581 311 1616 dei-oi
343 1583 417 1614 vice
446 1583 620 1614 iuramenti
650 1580 784 1614 firmiter
812 1581 1045 1626 promittendo,
1075 1582 1160 1626 quod
1191 1584 1216 1614 si
1247 1581 1388 1615 eundem
1416 1580 1644 1615 Marchionem
1681 1582 1821 1626 aliquem
1855 1581 1910 1614 vel
1943 1581 2071 1625 aliquos

221 1646 382 1675 terrarum
411 1652 544 1675 suarum
576 1641 736 1677 Ramnes.
766 1639 1014 1684 Ministeriales,
1055 1640 1188 1683 Milites‚
1226 1643 1374 1675 militaris
1412 1642 1620 1676 condicionis
1659 1641 1822 1684 homines,
1860 1640 1987 1674 nobiles
2017 1641 2069 1673 vel

219 1701 397 1746 ignobile&
433 1713 640 1747 quocumque
676 1704 810 1735 nominc
847 1705 1059 1743 censeantur,
1099 1713 1157 1735 sen
1193 1705 1431 1748 cuiuscumque
1470 1703 1675 1736 condicionis
1718 1705 1878 1743 existant„
1917 1713 1975 1748 pro
2005 1705 2072 1735 suis

220 1761 387 1795 demeritis
417 1773 456 1795 ac
486 1761 677 1795 rebellionis
707 1762 907 1795 excessibus
936 1773 994 1795 seu
1024 1763 1096 1796 aliis
1125 1766 1238 1796 causis
1267 1762 1530 1809 quibuscunqum
1561 1775 1644 1809 pena
1674 1774 1882 1808 quacumque
1902 1765 2074 1806 corrigere

220 1833 280 1855 sen
315 1822 495 1856 emendare
531 1825 752 1867 contingeret,
790 1823 895 1856 eidem
935 1824 988 1857 vel
1025 1824 1149 1856 eisdem
1187 1824 1387 1868 corrigendo
1423 1824 1477 1857 vel
1506 1824 1715 1868 corrigendis
1745 1824 1862 1857 nullius
1891 1826 2070 1856 iuuamenti

220 1882 403 1916 subsidium
433 1894 493 1928 per
521 1894 583 1916 nos
612 1883 666 1918 vel
696 1887 828 1917 nostros
858 1883 999 1929 prebere
1028 1895 1090 1917 nec
1121 1887 1228 1930 ipsum
1255 1884 1309 1918 vel
1338 1887 1430 1930 ipsos
1458 1888 1490 1918 in
1520 1887 1616 1918 terris
1645 1887 1717 1918 siue
1746 1884 1920 1917 domiciliis
1949 1887 2069 1917 nostris

220 1942 336 1977 fouere
373 1944 424 1976 vel
460 1947 491 1976 in
530 1949 664 1977 nostros
701 1947 882 1978 seruitores
910 1947 1064 1991 recipere
1097 1956 1157 1979 seu
1187 1945 1325 1979 alicuius
1354 1945 1474 1990 refugii
1503 1945 1680 1990 presidium
1710 1945 1871 1979 exhibere
1900 1944 2069 1978 debemus.

221 2004 280 2037 sed
305 2007 422 2049 pocius
453 2016 517 2037 vna
548 2015 623 2037 cum
651 2004 799 2049 predicto
824 2005 1018 2039 Marchione
1042 2006 1094 2039 vel
1121 2006 1180 2039 sibi
1211 2006 1384 2040 substituto
1414 2017 1472 2051 per
1500 2017 1561 2039 nos
1590 2010 1621 2039 et
1650 2010 1794 2048 nostros‚
1829 2016 2070 2050 quamcumque

221 2067 526 2110 quocienscumque
556 2077 614 2110 prr
645 2069 747 2110 ipsum
777 2069 924 2111 requisiti
955 2066 1126 2100 fuerimus.
1157 2071 1270 2100 contra
1301 2067 1437 2101 eosdem
1467 2066 1620 2109 rebelles,
1651 2077 1866 2108 excessores7
1899 2066 2070 2111 sepedicto

222 2125 406 2159 Marchioni
442 2128 494 2160 vel
524 2126 584 2160 sibi
615 2126 798 2160 substitutis
826 2138 923 2161 manu
953 2130 1151 2173 potestatina
1182 2131 1355 2161 assistere.
1393 2127 1556 2161 adherere
1585 2131 1618 2161 et
1646 2127 1845 2161 coadiuuare
1874 2126 2070 2167 tenebimur,

223 2190 321 2232 prout
349 2186 505 2220 antedicti
537 2187 741 2221 lllaiuinionis
770 2191 952 2221 necessitas
982 2191 1087 2233 exigit
1116 2193 1147 2221 ct
1178 2191 1324 2233 requirit.
1380 2188 1432 2221 Ad
1463 2188 1548 2234 quod
1578 2188 1663 2221 idem
1693 2187 1841 2221 Mai-chio
1871 2192 1901 2221 et
1930 2187 2071 2220 heredes

223 2249 326 2292 ipsius
357 2248 411 2280 vel
440 2247 500 2281 sibi
531 2248 698 2281 substituti
728 2247 822 2281 nobis
852 2253 879 2281 ei
913 2250 1088 2282 'uei-edibus
1118 2252 1239 2282 nostris
1270 2250 1481 2294 supradicti&
1513 2249 1563 2282 vel
1593 2248 1725 2282 anobis
1746 2248 1942 2282 substitutis.
1972 2251 2070 2280 vice-

224 2318 324 2341 uersa
355 2308 414 2341 srb
445 2313 627 2342 memorato
656 2312 822 2354 promisso
852 2309 925 2342 lidei
955 2309 1163 2343 tenebuntur.
1222 2309 1256 2342 ln
1296 2312 1389 2343 cuius
1428 2312 1474 2342 rei
1504 2312 1728 2344 testimonium
1760 2313 1933 2354 presentes
1964 2308 2072 2340 literas

224 2368 294 2401 fieri
323 2373 356 2401 et
384 2369 481 2412 sigilli
511 2372 614 2402 nostri
645 2371 825 2402 munimine
854 2372 1009 2403 iussimus
1039 2371 1246 2404 communiri.
1299 2369 1417 2404 Datum
1448 2370 1573 2404 Wienn
1610 2372 1660 2403 dio
1691 2370 1776 2403 beati
1806 2369 1966 2403 iohannis
1997 2374 2072 2401 anti·

227 2433 351 2473 portam
382 2429 525 2462 latinam.
556 2430 657 2463 Anno
686 2429 815 2463 Domini
846 2429 1020 2463 lllillesinio
1051 2430 1304 2464 Trecentesimo
1335 2430 1617 2476 Quinquagesimo
1647 2434 1764 2476 primo.

533 2508 626 2541 (Orig.
652 2508 735 2542 Perg.
761 2508 844 2540 hang.
872 2516 985 2542 grosses
1012 2509 1207 2540 Iteitcrsicgel
1242 2514 1330 2535 etwas
1357 2510 1480 2535 verletzt
1504 2510 1539 2535 ini
1565 2509 1789 2537 Laudesarchiv,
1814 2509 1879 2533 1504.
1905 2508 2072 2544 &amulung

634 2559 682 2585 Nr.
711 2560 794 2593 370.)
