<?xml version="1.0" encoding="UTF-8"?>
<!DOCTYPE html PUBLIC "-//W3C//DTD XHTML 1.0 Transitional//EN"
    "http://www.w3.org/TR/xhtml1/DTD/xhtml1-transitional.dtd">
<html xmlns="http://www.w3.org/1999/xhtml" xml:lang="en" lang="en">
 <head>
  <title>
</title>
<meta http-equiv="Content-Type" content="text/html;charset=utf-8" />
  <meta name='ocr-system' content='tesseract 3.04.00' />
  <meta name='ocr-capabilities' content='ocr_page ocr_carea ocr_par ocr_line ocrx_word'/>
</head>
<body>
  <div class='ocr_page' id='page_1' title='image "./codexdiplomaticu08morauoft_0137.png"; bbox 0 0 2206 2735; ppageno 0'>
   <div class='ocr_carea' id='block_1_1' title="bbox 1079 81 1151 117">
    <p class='ocr_par' dir='ltr' id='par_1_1' title="bbox 1079 81 1151 117">
     <span class='ocr_line' id='line_1_1' title="bbox 1079 81 1151 117; baseline 0.042 -3"><span class='ocrx_word' id='word_1_1' title='bbox 1079 81 1151 117; x_wconf 87' lang='grc'>109</span> 
     </span>
    </p>
   </div>
   <div class='ocr_carea' id='block_1_2' title="bbox 1012 131 1215 136">
    <p class='ocr_par' dir='ltr' id='par_1_2' title="bbox 1012 131 1215 136">
     <span class='ocr_line' id='line_1_2' title="bbox 1012 131 1215 136; baseline 0 0"><span class='ocrx_word' id='word_1_2' title='bbox 1012 131 1215 136; x_wconf 95' lang='lat' dir='ltr'> </span> 
     </span>
    </p>
   </div>
   <div class='ocr_carea' id='block_1_3' title="bbox 172 191 2070 2599">
    <p class='ocr_par' dir='ltr' id='par_1_3' title="bbox 172 191 2070 2599">
     <span class='ocr_line' id='line_1_3' title="bbox 195 191 2037 241; baseline 0.004 -16"><span class='ocrx_word' id='word_1_3' title='bbox 195 191 250 225; x_wconf 85' lang='lat' dir='ltr'>vel</span> <span class='ocrx_word' id='word_1_4' title='bbox 277 193 350 226; x_wconf 89' lang='lat' dir='ltr'>sine</span> <span class='ocrx_word' id='word_1_5' title='bbox 378 202 458 226; x_wconf 89' lang='lat' dir='ltr'>cura</span> <span class='ocrx_word' id='word_1_6' title='bbox 492 202 551 226; x_wconf 83' lang='lat' dir='ltr'>seu</span> <span class='ocrx_word' id='word_1_7' title='bbox 587 202 814 238; x_wconf 89' lang='lat' dir='ltr'>quoscumque</span> <span class='ocrx_word' id='word_1_8' title='bbox 848 192 993 227; x_wconf 90' lang='lat' dir='ltr'>redditus</span> <span class='ocrx_word' id='word_1_9' title='bbox 1027 197 1061 227; x_wconf 87' lang='lat' dir='ltr'>et</span> <span class='ocrx_word' id='word_1_10' title='bbox 1095 197 1279 240; x_wconf 88' lang='lat' dir='ltr'>proventus</span> <span class='ocrx_word' id='word_1_11' title='bbox 1313 195 1346 227; x_wconf 90' lang='lat' dir='ltr'>in</span> <span class='ocrx_word' id='word_1_12' title='bbox 1381 193 1506 228; x_wconf 86' lang='lat' dir='ltr'>eisdem</span> <span class='ocrx_word' id='word_1_13' title='bbox 1541 195 1662 241; x_wconf 85' lang='lat' dir='ltr'>Regno</span> <span class='ocrx_word' id='word_1_14' title='bbox 1697 196 1859 232; x_wconf 88' lang='lat' dir='ltr'>Comitatu</span> <span class='ocrx_word' id='word_1_15' title='bbox 1894 202 1926 232; x_wconf 90' lang='lat' dir='ltr'>et</span> <span class='ocrx_word' id='word_1_16' title='bbox 1964 199 2037 233; x_wconf 80' lang='lat' dir='ltr'>aliis</span> 
     </span>
     <span class='ocr_line' id='line_1_4' title="bbox 196 252 2037 305; baseline 0.005 -20"><span class='ocrx_word' id='word_1_17' title='bbox 196 255 292 286; x_wconf 88' lang='lat' dir='ltr'>terris</span> <span class='ocrx_word' id='word_1_18' title='bbox 322 252 477 298; x_wconf 82' lang='lat' dir='ltr'>predictis</span> <span class='ocrx_word' id='word_1_19' title='bbox 504 252 728 286; x_wconf 80' lang='lat' dir='ltr'>obtinentibus</span> <span class='ocrx_word' id='word_1_20' title='bbox 757 257 790 287; x_wconf 89' lang='lat' dir='ltr'>et</span> <span class='ocrx_word' id='word_1_21' title='bbox 817 252 1000 287; x_wconf 88' lang='lat' dir='ltr'>obtenturis</span> <span class='ocrx_word' id='word_1_22' title='bbox 1029 256 1059 287; x_wconf 90' lang='lat' dir='ltr'>in</span> <span class='ocrx_word' id='word_1_23' title='bbox 1090 258 1270 300; x_wconf 87' lang='lat' dir='ltr'>posterum,</span> <span class='ocrx_word' id='word_1_24' title='bbox 1300 256 1354 300; x_wconf 89' lang='lat' dir='ltr'>qui</span> <span class='ocrx_word' id='word_1_25' title='bbox 1382 257 1414 288; x_wconf 90' lang='lat' dir='ltr'>in</span> <span class='ocrx_word' id='word_1_26' title='bbox 1451 257 1631 301; x_wconf 89' lang='lat' dir='ltr'>apostolice</span> <span class='ocrx_word' id='word_1_27' title='bbox 1669 258 1888 293; x_wconf 82' lang='lat' dir='ltr'>solicitudinis</span> <span class='ocrx_word' id='word_1_28' title='bbox 1925 264 2037 305; x_wconf 88' lang='lat' dir='ltr'>partes</span> 
     </span>
     <span class='ocr_line' id='line_1_5' title="bbox 196 313 2038 364; baseline 0.004 -18"><span class='ocrx_word' id='word_1_29' title='bbox 196 317 354 359; x_wconf 76' lang='lat' dir='ltr'>assumpti</span> <span class='ocrx_word' id='word_1_30' title='bbox 384 313 555 347; x_wconf 88' lang='lat' dir='ltr'>nobiscum</span> <span class='ocrx_word' id='word_1_31' title='bbox 583 314 782 347; x_wconf 87' lang='lat' dir='ltr'>universalis</span> <span class='ocrx_word' id='word_1_32' title='bbox 811 314 954 347; x_wconf 86' lang='lat' dir='ltr'>ecclesie</span> <span class='ocrx_word' id='word_1_33' title='bbox 983 324 1084 348; x_wconf 85' lang='lat' dir='ltr'>onera</span> <span class='ocrx_word' id='word_1_34' title='bbox 1114 317 1306 357; x_wconf 71' lang='lat' dir='ltr'>sortiuntur,</span> <span class='ocrx_word' id='word_1_35' title='bbox 1337 325 1398 348; x_wconf 88' lang='lat' dir='ltr'>nec</span> <span class='ocrx_word' id='word_1_36' title='bbox 1436 326 1501 349; x_wconf 86' lang='lat' dir='ltr'>non</span> <span class='ocrx_word' id='word_1_37' title='bbox 1536 328 1553 350; x_wconf 89' lang='lat' dir='ltr'>a</span> <span class='ocrx_word' id='word_1_38' title='bbox 1590 316 1719 352; x_wconf 88' lang='lat' dir='ltr'>dilectis</span> <span class='ocrx_word' id='word_1_39' title='bbox 1757 319 1841 353; x_wconf 84' lang='lat' dir='ltr'>lilius</span> <span class='ocrx_word' id='word_1_40' title='bbox 1875 319 2038 364; x_wconf 82' lang='lat' dir='ltr'>Magistro</span> 
     </span>
     <span class='ocr_line' id='line_1_6' title="bbox 197 373 2038 423; baseline 0.005 -17"><span class='ocrx_word' id='word_1_41' title='bbox 197 374 374 419; x_wconf 67' lang='lat' dir='ltr'>Prioribus,</span> <span class='ocrx_word' id='word_1_42' title='bbox 404 374 654 419; x_wconf 65' lang='lat' dir='ltr'>preceptoribus</span> <span class='ocrx_word' id='word_1_43' title='bbox 683 378 715 407; x_wconf 88' lang='lat' dir='ltr'>et</span> <span class='ocrx_word' id='word_1_44' title='bbox 742 373 898 408; x_wconf 82' lang='lat' dir='ltr'>fratribus</span> <span class='ocrx_word' id='word_1_45' title='bbox 927 377 1035 408; x_wconf 84' lang='lat' dir='ltr'>sancti</span> <span class='ocrx_word' id='word_1_46' title='bbox 1063 374 1225 408; x_wconf 86' lang='lat' dir='ltr'>Johannis</span> <span class='ocrx_word' id='word_1_47' title='bbox 1252 374 1536 421; x_wconf 68' lang='lat' dir='ltr'>Jerosolyniitani,</span> <span class='ocrx_word' id='word_1_48' title='bbox 1572 380 1626 423; x_wconf 91' lang='lat' dir='ltr'>qui</span> <span class='ocrx_word' id='word_1_49' title='bbox 1661 383 1776 413; x_wconf 89' lang='lat' dir='ltr'>contra</span> <span class='ocrx_word' id='word_1_50' title='bbox 1813 379 1926 414; x_wconf 88' lang='lat' dir='ltr'>hostes</span> <span class='ocrx_word' id='word_1_51' title='bbox 1962 379 2038 414; x_wconf 90' lang='lat' dir='ltr'>fidei</span> 
     </span>
     <span class='ocr_line' id='line_1_7' title="bbox 195 434 2038 487; baseline 0.003 -18"><span class='ocrx_word' id='word_1_52' title='bbox 195 435 374 470; x_wconf 84' lang='lat' dir='ltr'>christiane</span> <span class='ocrx_word' id='word_1_53' title='bbox 401 438 573 479; x_wconf 81' lang='lat' dir='ltr'>exponunt</span> <span class='ocrx_word' id='word_1_54' title='bbox 600 437 720 479; x_wconf 82' lang='lat' dir='ltr'>iugiter</span> <span class='ocrx_word' id='word_1_55' title='bbox 749 445 786 468; x_wconf 87' lang='lat' dir='ltr'>se</span> <span class='ocrx_word' id='word_1_56' title='bbox 814 439 845 468; x_wconf 91' lang='lat' dir='ltr'>et</span> <span class='ocrx_word' id='word_1_57' title='bbox 875 445 946 468; x_wconf 87' lang='lat' dir='ltr'>sua.</span> <span class='ocrx_word' id='word_1_58' title='bbox 975 445 1057 479; x_wconf 89' lang='lat' dir='ltr'>quos</span> <span class='ocrx_word' id='word_1_59' title='bbox 1086 434 1215 480; x_wconf 89' lang='lat' dir='ltr'>quidem</span> <span class='ocrx_word' id='word_1_60' title='bbox 1244 434 1450 479; x_wconf 84' lang='lat' dir='ltr'>Cardinales,</span> <span class='ocrx_word' id='word_1_61' title='bbox 1479 436 1689 482; x_wconf 81' lang='lat' dir='ltr'>Magistrum,</span> <span class='ocrx_word' id='word_1_62' title='bbox 1719 438 1863 482; x_wconf 79' lang='lat' dir='ltr'>Priores.</span> <span class='ocrx_word' id='word_1_63' title='bbox 1892 451 2038 487; x_wconf 88' lang='lat' dir='ltr'>precep-</span> 
     </span>
     <span class='ocr_line' id='line_1_8' title="bbox 198 493 2040 544; baseline 0.002 -14"><span class='ocrx_word' id='word_1_64' title='bbox 198 502 287 530; x_wconf 88' lang='lat' dir='ltr'>tores</span> <span class='ocrx_word' id='word_1_65' title='bbox 315 500 346 528; x_wconf 91' lang='lat' dir='ltr'>et</span> <span class='ocrx_word' id='word_1_66' title='bbox 376 494 495 528; x_wconf 88' lang='lat' dir='ltr'>fratres</span> <span class='ocrx_word' id='word_1_67' title='bbox 524 493 694 540; x_wconf 89' lang='lat' dir='ltr'>hospitalis</span> <span class='ocrx_word' id='word_1_68' title='bbox 723 493 871 529; x_wconf 84' lang='lat' dir='ltr'>eiusdem</span> <span class='ocrx_word' id='word_1_69' title='bbox 901 494 940 528; x_wconf 90' lang='lat' dir='ltr'>ab</span> <span class='ocrx_word' id='word_1_70' title='bbox 970 494 1153 528; x_wconf 88' lang='lat' dir='ltr'>huiusmodi</span> <span class='ocrx_word' id='word_1_71' title='bbox 1182 499 1383 541; x_wconf 73' lang='lat' dir='ltr'>prestatione</span> <span class='ocrx_word' id='word_1_72' title='bbox 1413 496 1539 531; x_wconf 86' lang='lat' dir='ltr'>decime</span> <span class='ocrx_word' id='word_1_73' title='bbox 1568 502 1743 544; x_wconf 82' lang='lat' dir='ltr'>exemptos</span> <span class='ocrx_word' id='word_1_74' title='bbox 1782 510 1859 533; x_wconf 88' lang='lat' dir='ltr'>esse</span> <span class='ocrx_word' id='word_1_75' title='bbox 1887 500 2040 534; x_wconf 86' lang='lat' dir='ltr'>volumus</span> 
     </span>
     <span class='ocr_line' id='line_1_9' title="bbox 198 555 2039 606; baseline 0.003 -16"><span class='ocrx_word' id='word_1_76' title='bbox 198 561 230 590; x_wconf 91' lang='lat' dir='ltr'>et</span> <span class='ocrx_word' id='word_1_77' title='bbox 257 559 431 597; x_wconf 82' lang='lat' dir='ltr'>immunes,</span> <span class='ocrx_word' id='word_1_78' title='bbox 461 555 660 599; x_wconf 79' lang='lat' dir='ltr'>exigendam</span> <span class='ocrx_word' id='word_1_79' title='bbox 690 560 722 589; x_wconf 89' lang='lat' dir='ltr'>et</span> <span class='ocrx_word' id='word_1_80' title='bbox 750 555 983 599; x_wconf 74' lang='lat' dir='ltr'>colligendam,</span> <span class='ocrx_word' id='word_1_81' title='bbox 1013 559 1045 589; x_wconf 87' lang='lat' dir='ltr'>et</span> <span class='ocrx_word' id='word_1_82' title='bbox 1073 566 1146 588; x_wconf 89' lang='lat' dir='ltr'>cnm</span> <span class='ocrx_word' id='word_1_83' title='bbox 1176 560 1294 590; x_wconf 79' lang='lat' dir='ltr'>exacta</span> <span class='ocrx_word' id='word_1_84' title='bbox 1323 556 1421 590; x_wconf 87' lang='lat' dir='ltr'>fuerit</span> <span class='ocrx_word' id='word_1_85' title='bbox 1450 561 1483 591; x_wconf 92' lang='lat' dir='ltr'>et</span> <span class='ocrx_word' id='word_1_86' title='bbox 1510 559 1650 593; x_wconf 87' lang='lat' dir='ltr'>collecta</span> <span class='ocrx_word' id='word_1_87' title='bbox 1670 562 1755 593; x_wconf 91' lang='lat' dir='ltr'>inter</span> <span class='ocrx_word' id='word_1_88' title='bbox 1774 571 1836 594; x_wconf 77' lang='lat' dir='ltr'>vos</span> <span class='ocrx_word' id='word_1_89' title='bbox 1856 571 1916 606; x_wconf 90' lang='lat' dir='ltr'>pro</span> <span class='ocrx_word' id='word_1_90' title='bbox 1938 563 2039 606; x_wconf 83' lang='lat' dir='ltr'>ipsius</span> 
     </span>
     <span class='ocr_line' id='line_1_10' title="bbox 198 615 2039 663; baseline 0.003 -13"><span class='ocrx_word' id='word_1_91' title='bbox 198 616 342 650; x_wconf 84' lang='lat' dir='ltr'>ecclesie</span> <span class='ocrx_word' id='word_1_92' title='bbox 372 615 523 649; x_wconf 81' lang='lat' dir='ltr'>Romane</span> <span class='ocrx_word' id='word_1_93' title='bbox 546 627 605 661; x_wconf 88' lang='lat' dir='ltr'>pro</span> <span class='ocrx_word' id='word_1_94' title='bbox 634 617 747 650; x_wconf 87' lang='lat' dir='ltr'>Tertia</span> <span class='ocrx_word' id='word_1_95' title='bbox 776 620 808 649; x_wconf 90' lang='lat' dir='ltr'>et</span> <span class='ocrx_word' id='word_1_96' title='bbox 836 616 988 650; x_wconf 85' lang='lat' dir='ltr'>Carolum</span> <span class='ocrx_word' id='word_1_97' title='bbox 1018 615 1147 660; x_wconf 81' lang='lat' dir='ltr'>Regem</span> <span class='ocrx_word' id='word_1_98' title='bbox 1177 617 1358 662; x_wconf 85' lang='lat' dir='ltr'>predictum</span> <span class='ocrx_word' id='word_1_99' title='bbox 1387 628 1445 663; x_wconf 89' lang='lat' dir='ltr'>pro</span> <span class='ocrx_word' id='word_1_100' title='bbox 1467 621 1535 652; x_wconf 88' lang='lat' dir='ltr'>suis</span> <span class='ocrx_word' id='word_1_101' title='bbox 1557 619 1816 654; x_wconf 88' lang='lat' dir='ltr'>necessitatibus</span> <span class='ocrx_word' id='word_1_102' title='bbox 1837 625 1868 654; x_wconf 93' lang='lat' dir='ltr'>et</span> <span class='ocrx_word' id='word_1_103' title='bbox 1888 620 2039 655; x_wconf 82' lang='lat' dir='ltr'>omnibus</span> 
     </span>
     <span class='ocr_line' id='line_1_11' title="bbox 197 676 2041 725; baseline 0.002 -14"><span class='ocrx_word' id='word_1_104' title='bbox 197 676 381 711; x_wconf 84' lang='lat' dir='ltr'>huiusmodi</span> <span class='ocrx_word' id='word_1_105' title='bbox 417 676 608 710; x_wconf 78' lang='lat' dir='ltr'>relevandis</span> <span class='ocrx_word' id='word_1_106' title='bbox 644 688 703 723; x_wconf 89' lang='lat' dir='ltr'>pro</span> <span class='ocrx_word' id='word_1_107' title='bbox 738 676 874 722; x_wconf 90' lang='lat' dir='ltr'>reliquis</span> <span class='ocrx_word' id='word_1_108' title='bbox 903 676 1028 710; x_wconf 87' lang='lat' dir='ltr'>duabus</span> <span class='ocrx_word' id='word_1_109' title='bbox 1056 677 1204 722; x_wconf 87' lang='lat' dir='ltr'>partibus</span> <span class='ocrx_word' id='word_1_110' title='bbox 1230 682 1325 722; x_wconf 89' lang='lat' dir='ltr'>prout</span> <span class='ocrx_word' id='word_1_111' title='bbox 1353 677 1490 712; x_wconf 87' lang='lat' dir='ltr'>inferius</span> <span class='ocrx_word' id='word_1_112' title='bbox 1521 682 1715 725; x_wconf 83' lang='lat' dir='ltr'>exprimitur</span> <span class='ocrx_word' id='word_1_113' title='bbox 1753 680 1963 715; x_wconf 80' lang='lat' dir='ltr'>dividendam</span> <span class='ocrx_word' id='word_1_114' title='bbox 2002 681 2041 715; x_wconf 86' lang='lat' dir='ltr'>de</span> 
     </span>
     <span class='ocr_line' id='line_1_12' title="bbox 197 736 2040 786; baseline 0.002 -15"><span class='ocrx_word' id='word_1_115' title='bbox 197 737 356 771; x_wconf 89' lang='lat' dir='ltr'>dictorum</span> <span class='ocrx_word' id='word_1_116' title='bbox 386 736 523 771; x_wconf 79' lang='lat' dir='ltr'>fratrum</span> <span class='ocrx_word' id='word_1_117' title='bbox 552 737 690 771; x_wconf 86' lang='lat' dir='ltr'>consilio</span> <span class='ocrx_word' id='word_1_118' title='bbox 719 740 914 770; x_wconf 88' lang='lat' dir='ltr'>auctoritate</span> <span class='ocrx_word' id='word_1_119' title='bbox 943 737 1124 782; x_wconf 86' lang='lat' dir='ltr'>apostolica</span> <span class='ocrx_word' id='word_1_120' title='bbox 1154 740 1367 782; x_wconf 88' lang='lat' dir='ltr'>imposuimus</span> <span class='ocrx_word' id='word_1_121' title='bbox 1388 749 1448 784; x_wconf 91' lang='lat' dir='ltr'>per</span> <span class='ocrx_word' id='word_1_122' title='bbox 1476 744 1610 773; x_wconf 88' lang='lat' dir='ltr'>nostras</span> <span class='ocrx_word' id='word_1_123' title='bbox 1631 740 1759 785; x_wconf 78' lang='lat' dir='ltr'>literas,</span> <span class='ocrx_word' id='word_1_124' title='bbox 1779 741 1931 775; x_wconf 89' lang='lat' dir='ltr'>volentes</span> <span class='ocrx_word' id='word_1_125' title='bbox 1956 741 2040 786; x_wconf 91' lang='lat' dir='ltr'>quod</span> 
     </span>
     <span class='ocr_line' id='line_1_13' title="bbox 197 797 2041 845; baseline 0.002 -13"><span class='ocrx_word' id='word_1_126' title='bbox 197 797 381 832; x_wconf 88' lang='lat' dir='ltr'>huiusmodi</span> <span class='ocrx_word' id='word_1_127' title='bbox 412 798 540 832; x_wconf 85' lang='lat' dir='ltr'>decima</span> <span class='ocrx_word' id='word_1_128' title='bbox 568 809 627 843; x_wconf 93' lang='lat' dir='ltr'>per</span> <span class='ocrx_word' id='word_1_129' title='bbox 654 809 716 831; x_wconf 89' lang='lat' dir='ltr'>vos</span> <span class='ocrx_word' id='word_1_130' title='bbox 746 801 777 831; x_wconf 94' lang='lat' dir='ltr'>in</span> <span class='ocrx_word' id='word_1_131' title='bbox 813 797 931 842; x_wconf 79' lang='lat' dir='ltr'>Regno</span> <span class='ocrx_word' id='word_1_132' title='bbox 969 802 1000 831; x_wconf 91' lang='lat' dir='ltr'>et</span> <span class='ocrx_word' id='word_1_133' title='bbox 1036 798 1109 831; x_wconf 88' lang='lat' dir='ltr'>aliis</span> <span class='ocrx_word' id='word_1_134' title='bbox 1147 800 1243 831; x_wconf 90' lang='lat' dir='ltr'>terris</span> <span class='ocrx_word' id='word_1_135' title='bbox 1281 797 1439 843; x_wconf 88' lang='lat' dir='ltr'>predictis</span> <span class='ocrx_word' id='word_1_136' title='bbox 1478 803 1510 832; x_wconf 90' lang='lat' dir='ltr'>et</span> <span class='ocrx_word' id='word_1_137' title='bbox 1548 810 1607 845; x_wconf 92' lang='lat' dir='ltr'>per</span> <span class='ocrx_word' id='word_1_138' title='bbox 1641 800 1779 835; x_wconf 89' lang='lat' dir='ltr'>dilectos</span> <span class='ocrx_word' id='word_1_139' title='bbox 1815 800 1899 835; x_wconf 85' lang='lat' dir='ltr'>filios</span> <span class='ocrx_word' id='word_1_140' title='bbox 1937 805 2041 835; x_wconf 86' lang='lat' dir='ltr'>sancti</span> 
     </span>
     <span class='ocr_line' id='line_1_14' title="bbox 198 857 2039 902; baseline 0.003 -11"><span class='ocrx_word' id='word_1_141' title='bbox 198 858 335 892; x_wconf 88' lang='lat' dir='ltr'>Huberti</span> <span class='ocrx_word' id='word_1_142' title='bbox 365 863 395 891; x_wconf 91' lang='lat' dir='ltr'>et</span> <span class='ocrx_word' id='word_1_143' title='bbox 426 886 431 891; x_wconf 92' lang='lat'>.</span> <span class='ocrx_word' id='word_1_144' title='bbox 465 886 470 891; x_wconf 92' lang='lat'>.</span> <span class='ocrx_word' id='word_1_145' title='bbox 501 862 616 891; x_wconf 87' lang='lat' dir='ltr'>sancte</span> <span class='ocrx_word' id='word_1_146' title='bbox 644 857 750 891; x_wconf 86' lang='lat' dir='ltr'>Marie</span> <span class='ocrx_word' id='word_1_147' title='bbox 778 861 809 891; x_wconf 94' lang='lat' dir='ltr'>in</span> <span class='ocrx_word' id='word_1_148' title='bbox 838 857 1049 902; x_wconf 82' lang='lat' dir='ltr'>Lucemburg</span> <span class='ocrx_word' id='word_1_149' title='bbox 1083 858 1206 892; x_wconf 91' lang='lat' dir='ltr'>ordinis</span> <span class='ocrx_word' id='word_1_150' title='bbox 1241 862 1347 893; x_wconf 87' lang='lat' dir='ltr'>sancti</span> <span class='ocrx_word' id='word_1_151' title='bbox 1383 859 1552 894; x_wconf 82' lang='lat' dir='ltr'>Benedicti</span> <span class='ocrx_word' id='word_1_152' title='bbox 1588 860 1745 895; x_wconf 89' lang='lat' dir='ltr'>Leodien.</span> <span class='ocrx_word' id='word_1_153' title='bbox 1785 866 1817 896; x_wconf 90' lang='lat' dir='ltr'>et</span> <span class='ocrx_word' id='word_1_154' title='bbox 1853 862 2039 896; x_wconf 84' lang='lat' dir='ltr'>Treveren.</span> 
     </span>
     <span class='ocr_line' id='line_1_15' title="bbox 198 918 2043 967; baseline 0.003 -15"><span class='ocrx_word' id='word_1_155' title='bbox 198 920 284 953; x_wconf 84' lang='lat' dir='ltr'>dioc.</span> <span class='ocrx_word' id='word_1_156' title='bbox 314 918 588 953; x_wconf 85' lang='lat' dir='ltr'>Monasteriorum</span> <span class='ocrx_word' id='word_1_157' title='bbox 628 922 658 952; x_wconf 94' lang='lat' dir='ltr'>in</span> <span class='ocrx_word' id='word_1_158' title='bbox 698 919 785 952; x_wconf 89' lang='lat' dir='ltr'>dicto</span> <span class='ocrx_word' id='word_1_159' title='bbox 822 918 985 952; x_wconf 86' lang='lat' dir='ltr'>Comitatu</span> <span class='ocrx_word' id='word_1_160' title='bbox 1023 922 1273 953; x_wconf 86' lang='lat' dir='ltr'>consistentium</span> <span class='ocrx_word' id='word_1_161' title='bbox 1310 919 1461 954; x_wconf 89' lang='lat' dir='ltr'>Abbates</span> <span class='ocrx_word' id='word_1_162' title='bbox 1497 932 1579 967; x_wconf 90' lang='lat' dir='ltr'>quos</span> <span class='ocrx_word' id='word_1_163' title='bbox 1615 921 1821 957; x_wconf 90' lang='lat' dir='ltr'>Collectores</span> <span class='ocrx_word' id='word_1_164' title='bbox 1859 922 2043 956; x_wconf 87' lang='lat' dir='ltr'>huiusmodi</span> 
     </span>
     <span class='ocr_line' id='line_1_16' title="bbox 197 979 2042 1028; baseline 0.002 -15"><span class='ocrx_word' id='word_1_165' title='bbox 197 980 327 1013; x_wconf 87' lang='lat' dir='ltr'>decime</span> <span class='ocrx_word' id='word_1_166' title='bbox 357 984 479 1013; x_wconf 80' lang='lat' dir='ltr'>extunc</span> <span class='ocrx_word' id='word_1_167' title='bbox 508 982 540 1013; x_wconf 91' lang='lat' dir='ltr'>in</span> <span class='ocrx_word' id='word_1_168' title='bbox 570 982 617 1013; x_wconf 88' lang='lat' dir='ltr'>sic</span> <span class='ocrx_word' id='word_1_169' title='bbox 647 980 810 1013; x_wconf 87' lang='lat' dir='ltr'>distinctis</span> <span class='ocrx_word' id='word_1_170' title='bbox 838 979 919 1013; x_wconf 88' lang='lat' dir='ltr'>locis</span> <span class='ocrx_word' id='word_1_171' title='bbox 957 980 1081 1013; x_wconf 90' lang='lat' dir='ltr'>eisdem</span> <span class='ocrx_word' id='word_1_172' title='bbox 1119 980 1309 1026; x_wconf 85' lang='lat' dir='ltr'>specialiter</span> <span class='ocrx_word' id='word_1_173' title='bbox 1344 980 1586 1026; x_wconf 75' lang='lat' dir='ltr'>deputavimus,</span> <span class='ocrx_word' id='word_1_174' title='bbox 1625 986 1656 1016; x_wconf 93' lang='lat' dir='ltr'>et</span> <span class='ocrx_word' id='word_1_175' title='bbox 1684 994 1744 1028; x_wconf 91' lang='lat' dir='ltr'>per</span> <span class='ocrx_word' id='word_1_176' title='bbox 1772 982 2042 1017; x_wconf 87' lang='lat' dir='ltr'>Subcollectores</span> 
     </span>
     <span class='ocr_line' id='line_1_17' title="bbox 197 1039 2042 1089; baseline 0.002 -16"><span class='ocrx_word' id='word_1_177' title='bbox 197 1041 339 1074; x_wconf 88' lang='lat' dir='ltr'>clericos</span> <span class='ocrx_word' id='word_1_178' title='bbox 369 1040 537 1073; x_wconf 82' lang='lat' dir='ltr'>dumtaxat</span> <span class='ocrx_word' id='word_1_179' title='bbox 566 1051 583 1073; x_wconf 91' lang='lat' dir='ltr'>a</span> <span class='ocrx_word' id='word_1_180' title='bbox 612 1039 708 1074; x_wconf 90' lang='lat' dir='ltr'>vobis</span> <span class='ocrx_word' id='word_1_181' title='bbox 738 1044 769 1073; x_wconf 90' lang='lat' dir='ltr'>et</span> <span class='ocrx_word' id='word_1_182' title='bbox 797 1043 859 1075; x_wconf 82' lang='lat' dir='ltr'>eis.</span> <span class='ocrx_word' id='word_1_183' title='bbox 889 1045 953 1074; x_wconf 87' lang='lat' dir='ltr'>tam</span> <span class='ocrx_word' id='word_1_184' title='bbox 983 1051 1001 1074; x_wconf 89' lang='lat' dir='ltr'>a</span> <span class='ocrx_word' id='word_1_185' title='bbox 1028 1039 1125 1074; x_wconf 89' lang='lat' dir='ltr'>vobis</span> <span class='ocrx_word' id='word_1_186' title='bbox 1155 1044 1186 1074; x_wconf 91' lang='lat' dir='ltr'>et</span> <span class='ocrx_word' id='word_1_187' title='bbox 1214 1043 1294 1086; x_wconf 88' lang='lat' dir='ltr'>ipsis</span> <span class='ocrx_word' id='word_1_188' title='bbox 1323 1051 1418 1086; x_wconf 91' lang='lat' dir='ltr'>quam</span> <span class='ocrx_word' id='word_1_189' title='bbox 1445 1040 1485 1075; x_wconf 90' lang='lat' dir='ltr'>ab</span> <span class='ocrx_word' id='word_1_190' title='bbox 1506 1041 1658 1076; x_wconf 89' lang='lat' dir='ltr'>omnibus</span> <span class='ocrx_word' id='word_1_191' title='bbox 1678 1043 1749 1077; x_wconf 91' lang='lat' dir='ltr'>aliis</span> <span class='ocrx_word' id='word_1_192' title='bbox 1769 1043 2042 1089; x_wconf 89' lang='lat' dir='ltr'>Archiepiscopis</span> 
     </span>
     <span class='ocr_line' id='line_1_18' title="bbox 200 1100 2044 1150; baseline 0.002 -16"><span class='ocrx_word' id='word_1_193' title='bbox 200 1100 376 1147; x_wconf 86' lang='lat' dir='ltr'>Episcopis</span> <span class='ocrx_word' id='word_1_194' title='bbox 405 1106 435 1134; x_wconf 87' lang='lat' dir='ltr'>et</span> <span class='ocrx_word' id='word_1_195' title='bbox 464 1103 617 1146; x_wconf 91' lang='lat' dir='ltr'>personis</span> <span class='ocrx_word' id='word_1_196' title='bbox 652 1101 722 1135; x_wconf 87' lang='lat' dir='ltr'>aliis</span> <span class='ocrx_word' id='word_1_197' title='bbox 760 1101 1001 1135; x_wconf 85' lang='lat' dir='ltr'>ecclesiasticis</span> <span class='ocrx_word' id='word_1_198' title='bbox 1037 1100 1243 1135; x_wconf 87' lang='lat' dir='ltr'>secularibus</span> <span class='ocrx_word' id='word_1_199' title='bbox 1278 1105 1310 1134; x_wconf 90' lang='lat' dir='ltr'>et</span> <span class='ocrx_word' id='word_1_200' title='bbox 1344 1101 1551 1146; x_wconf 79' lang='lat' dir='ltr'>regularibus</span> <span class='ocrx_word' id='word_1_201' title='bbox 1587 1102 1846 1149; x_wconf 87' lang='lat' dir='ltr'>quibuscumque</span> <span class='ocrx_word' id='word_1_202' title='bbox 1879 1106 2044 1150; x_wconf 82' lang='lat' dir='ltr'>exemptis</span> 
     </span>
     <span class='ocr_line' id='line_1_19' title="bbox 199 1161 2045 1208; baseline 0.002 -13"><span class='ocrx_word' id='word_1_203' title='bbox 199 1165 231 1195; x_wconf 91' lang='lat' dir='ltr'>et</span> <span class='ocrx_word' id='word_1_204' title='bbox 258 1172 322 1195; x_wconf 86' lang='lat' dir='ltr'>non</span> <span class='ocrx_word' id='word_1_205' title='bbox 353 1164 516 1207; x_wconf 81' lang='lat' dir='ltr'>exemptis</span> <span class='ocrx_word' id='word_1_206' title='bbox 544 1164 576 1195; x_wconf 92' lang='lat' dir='ltr'>in</span> <span class='ocrx_word' id='word_1_207' title='bbox 605 1161 731 1195; x_wconf 90' lang='lat' dir='ltr'>eisdem</span> <span class='ocrx_word' id='word_1_208' title='bbox 761 1161 878 1206; x_wconf 83' lang='lat' dir='ltr'>Regno</span> <span class='ocrx_word' id='word_1_209' title='bbox 908 1161 1067 1195; x_wconf 85' lang='lat' dir='ltr'>Comitatu</span> <span class='ocrx_word' id='word_1_210' title='bbox 1097 1165 1128 1194; x_wconf 89' lang='lat' dir='ltr'>et</span> <span class='ocrx_word' id='word_1_211' title='bbox 1157 1161 1271 1194; x_wconf 86' lang='lat' dir='ltr'>Terris</span> <span class='ocrx_word' id='word_1_212' title='bbox 1300 1161 1446 1195; x_wconf 89' lang='lat' dir='ltr'>redditus</span> <span class='ocrx_word' id='word_1_213' title='bbox 1477 1166 1509 1196; x_wconf 90' lang='lat' dir='ltr'>et</span> <span class='ocrx_word' id='word_1_214' title='bbox 1536 1168 1720 1208; x_wconf 91' lang='lat' dir='ltr'>proventus</span> <span class='ocrx_word' id='word_1_215' title='bbox 1741 1165 1991 1198; x_wconf 85' lang='lat' dir='ltr'>ecclesiasticos</span> <span class='ocrx_word' id='word_1_216' title='bbox 2011 1168 2045 1198; x_wconf 89' lang='lat' dir='ltr'>ut</span> 
     </span>
     <span class='ocr_line' id='line_1_20' title="bbox 201 1220 2042 1268; baseline 0.002 -13"><span class='ocrx_word' id='word_1_217' title='bbox 201 1221 366 1268; x_wconf 85' lang='lat' dir='ltr'>prefertur</span> <span class='ocrx_word' id='word_1_218' title='bbox 394 1221 590 1256; x_wconf 83' lang='lat' dir='ltr'>habentibus</span> <span class='ocrx_word' id='word_1_219' title='bbox 619 1221 660 1256; x_wconf 90' lang='lat' dir='ltr'>de</span> <span class='ocrx_word' id='word_1_220' title='bbox 688 1222 812 1256; x_wconf 88' lang='lat' dir='ltr'>eisdem</span> <span class='ocrx_word' id='word_1_221' title='bbox 841 1221 1020 1256; x_wconf 88' lang='lat' dir='ltr'>redditibus</span> <span class='ocrx_word' id='word_1_222' title='bbox 1057 1226 1089 1255; x_wconf 93' lang='lat' dir='ltr'>et</span> <span class='ocrx_word' id='word_1_223' title='bbox 1124 1220 1341 1267; x_wconf 85' lang='lat' dir='ltr'>proventibus</span> <span class='ocrx_word' id='word_1_224' title='bbox 1376 1221 1547 1255; x_wconf 76' lang='lat' dir='ltr'>dumtaxat</span> <span class='ocrx_word' id='word_1_225' title='bbox 1583 1227 1791 1268; x_wconf 83' lang='lat' dir='ltr'>preterquam</span> <span class='ocrx_word' id='word_1_226' title='bbox 1836 1223 1876 1257; x_wconf 90' lang='lat' dir='ltr'>ab</span> <span class='ocrx_word' id='word_1_227' title='bbox 1915 1224 2042 1258; x_wconf 90' lang='lat' dir='ltr'>eisdem</span> 
     </span>
     <span class='ocr_line' id='line_1_21' title="bbox 199 1281 2044 1330; baseline 0.001 -14"><span class='ocrx_word' id='word_1_228' title='bbox 199 1282 428 1317; x_wconf 86' lang='lat' dir='ltr'>Cardinalibus</span> <span class='ocrx_word' id='word_1_229' title='bbox 457 1282 629 1328; x_wconf 69' lang='lat' dir='ltr'>Magistro,</span> <span class='ocrx_word' id='word_1_230' title='bbox 658 1282 839 1317; x_wconf 88' lang='lat' dir='ltr'>Prioribus.</span> <span class='ocrx_word' id='word_1_231' title='bbox 869 1282 1120 1329; x_wconf 87' lang='lat' dir='ltr'>preceptoribus</span> <span class='ocrx_word' id='word_1_232' title='bbox 1149 1287 1182 1316; x_wconf 85' lang='lat' dir='ltr'>et</span> <span class='ocrx_word' id='word_1_233' title='bbox 1210 1281 1365 1316; x_wconf 89' lang='lat' dir='ltr'>fratribus</span> <span class='ocrx_word' id='word_1_234' title='bbox 1394 1281 1568 1329; x_wconf 85' lang='lat' dir='ltr'>hospitalis</span> <span class='ocrx_word' id='word_1_235' title='bbox 1597 1283 1745 1318; x_wconf 87' lang='lat' dir='ltr'>eiusdem</span> <span class='ocrx_word' id='word_1_236' title='bbox 1773 1284 1898 1330; x_wconf 87' lang='lat' dir='ltr'>absque</span> <span class='ocrx_word' id='word_1_237' title='bbox 1926 1287 2044 1318; x_wconf 89' lang='lat' dir='ltr'>iniuria</span> 
     </span>
     <span class='ocr_line' id='line_1_22' title="bbox 199 1342 2044 1390; baseline 0.001 -13"><span class='ocrx_word' id='word_1_238' title='bbox 199 1348 231 1377; x_wconf 87' lang='lat' dir='ltr'>et</span> <span class='ocrx_word' id='word_1_239' title='bbox 259 1346 479 1390; x_wconf 85' lang='lat' dir='ltr'>oppressione</span> <span class='ocrx_word' id='word_1_240' title='bbox 508 1355 715 1389; x_wconf 89' lang='lat' dir='ltr'>quacumque</span> <span class='ocrx_word' id='word_1_241' title='bbox 743 1344 923 1377; x_wconf 89' lang='lat' dir='ltr'>secundum</span> <span class='ocrx_word' id='word_1_242' title='bbox 961 1354 1086 1377; x_wconf 89' lang='lat' dir='ltr'>morem</span> <span class='ocrx_word' id='word_1_243' title='bbox 1123 1347 1155 1376; x_wconf 87' lang='lat' dir='ltr'>et</span> <span class='ocrx_word' id='word_1_244' title='bbox 1188 1342 1463 1377; x_wconf 87' lang='lat' dir='ltr'>consuetudinem</span> <span class='ocrx_word' id='word_1_245' title='bbox 1499 1347 1530 1377; x_wconf 90' lang='lat' dir='ltr'>in</span> <span class='ocrx_word' id='word_1_246' title='bbox 1566 1348 1746 1379; x_wconf 80' lang='lat' dir='ltr'>exactione</span> <span class='ocrx_word' id='word_1_247' title='bbox 1781 1350 1812 1379; x_wconf 86' lang='lat' dir='ltr'>et</span> <span class='ocrx_word' id='word_1_248' title='bbox 1846 1346 2044 1379; x_wconf 88' lang='lat' dir='ltr'>collectione</span> 
     </span>
     <span class='ocr_line' id='line_1_23' title="bbox 199 1402 2043 1452; baseline 0.001 -14"><span class='ocrx_word' id='word_1_249' title='bbox 199 1404 385 1438; x_wconf 90' lang='lat' dir='ltr'>huiusmodi</span> <span class='ocrx_word' id='word_1_250' title='bbox 422 1404 551 1438; x_wconf 87' lang='lat' dir='ltr'>decime</span> <span class='ocrx_word' id='word_1_251' title='bbox 593 1404 751 1439; x_wconf 86' lang='lat' dir='ltr'>hactenus</span> <span class='ocrx_word' id='word_1_252' title='bbox 796 1404 994 1438; x_wconf 87' lang='lat' dir='ltr'>observatos</span> <span class='ocrx_word' id='word_1_253' title='bbox 1030 1415 1090 1450; x_wconf 92' lang='lat' dir='ltr'>per</span> <span class='ocrx_word' id='word_1_254' title='bbox 1124 1402 1308 1437; x_wconf 89' lang='lat' dir='ltr'>huiusmodi</span> <span class='ocrx_word' id='word_1_255' title='bbox 1337 1403 1529 1438; x_wconf 86' lang='lat' dir='ltr'>Triennium</span> <span class='ocrx_word' id='word_1_256' title='bbox 1573 1408 1604 1439; x_wconf 92' lang='lat' dir='ltr'>in</span> <span class='ocrx_word' id='word_1_257' title='bbox 1643 1408 1792 1439; x_wconf 90' lang='lat' dir='ltr'>terminis</span> <span class='ocrx_word' id='word_1_258' title='bbox 1827 1405 2043 1452; x_wconf 87' lang='lat' dir='ltr'>infrascriptis</span> 
     </span>
     <span class='ocr_line' id='line_1_24' title="bbox 199 1464 2045 1511; baseline 0.001 -13"><span class='ocrx_word' id='word_1_259' title='bbox 199 1464 296 1499; x_wconf 86' lang='lat' dir='ltr'>vobis</span> <span class='ocrx_word' id='word_1_260' title='bbox 325 1469 356 1498; x_wconf 89' lang='lat' dir='ltr'>et</span> <span class='ocrx_word' id='word_1_261' title='bbox 385 1468 432 1498; x_wconf 89' lang='lat' dir='ltr'>eis</span> <span class='ocrx_word' id='word_1_262' title='bbox 462 1475 520 1499; x_wconf 89' lang='lat' dir='ltr'>seu</span> <span class='ocrx_word' id='word_1_263' title='bbox 551 1464 854 1499; x_wconf 88' lang='lat' dir='ltr'>Subcollectoribus</span> <span class='ocrx_word' id='word_1_264' title='bbox 883 1467 1006 1499; x_wconf 88' lang='lat' dir='ltr'>vestris</span> <span class='ocrx_word' id='word_1_265' title='bbox 1035 1469 1067 1498; x_wconf 88' lang='lat' dir='ltr'>et</span> <span class='ocrx_word' id='word_1_266' title='bbox 1095 1475 1207 1498; x_wconf 90' lang='lat' dir='ltr'>eorum</span> <span class='ocrx_word' id='word_1_267' title='bbox 1237 1464 1290 1498; x_wconf 87' lang='lat' dir='ltr'>vel</span> <span class='ocrx_word' id='word_1_268' title='bbox 1320 1467 1474 1510; x_wconf 89' lang='lat' dir='ltr'>personis</span> <span class='ocrx_word' id='word_1_269' title='bbox 1503 1465 1575 1499; x_wconf 87' lang='lat' dir='ltr'>aliis</span> <span class='ocrx_word' id='word_1_270' title='bbox 1603 1476 1686 1510; x_wconf 91' lang='lat' dir='ltr'>quos</span> <span class='ocrx_word' id='word_1_271' title='bbox 1716 1466 1768 1500; x_wconf 88' lang='lat' dir='ltr'>vel</span> <span class='ocrx_word' id='word_1_272' title='bbox 1803 1477 1885 1511; x_wconf 90' lang='lat' dir='ltr'>quas</span> <span class='ocrx_word' id='word_1_273' title='bbox 1914 1466 1953 1499; x_wconf 91' lang='lat' dir='ltr'>ad</span> <span class='ocrx_word' id='word_1_274' title='bbox 1982 1465 2045 1500; x_wconf 89' lang='lat' dir='ltr'>hoc</span> 
     </span>
     <span class='ocr_line' id='line_1_25' title="bbox 200 1524 2043 1571; baseline 0.001 -13"><span class='ocrx_word' id='word_1_275' title='bbox 200 1525 438 1571; x_wconf 88' lang='lat' dir='ltr'>deputaveritis</span> <span class='ocrx_word' id='word_1_276' title='bbox 466 1525 688 1571; x_wconf 86' lang='lat' dir='ltr'>persolvenda</span> <span class='ocrx_word' id='word_1_277' title='bbox 719 1530 752 1559; x_wconf 88' lang='lat' dir='ltr'>et</span> <span class='ocrx_word' id='word_1_278' title='bbox 778 1537 837 1571; x_wconf 88' lang='lat' dir='ltr'>per</span> <span class='ocrx_word' id='word_1_279' title='bbox 864 1536 926 1560; x_wconf 89' lang='lat' dir='ltr'>vos</span> <span class='ocrx_word' id='word_1_280' title='bbox 955 1529 986 1558; x_wconf 88' lang='lat' dir='ltr'>et</span> <span class='ocrx_word' id='word_1_281' title='bbox 1014 1536 1073 1559; x_wconf 90' lang='lat' dir='ltr'>eos</span> <span class='ocrx_word' id='word_1_282' title='bbox 1108 1525 1287 1559; x_wconf 86' lang='lat' dir='ltr'>secundum</span> <span class='ocrx_word' id='word_1_283' title='bbox 1325 1524 1520 1559; x_wconf 88' lang='lat' dir='ltr'>divisionem</span> <span class='ocrx_word' id='word_1_284' title='bbox 1556 1530 1588 1560; x_wconf 90' lang='lat' dir='ltr'>et</span> <span class='ocrx_word' id='word_1_285' title='bbox 1623 1527 1862 1560; x_wconf 87' lang='lat' dir='ltr'>ordinationem</span> <span class='ocrx_word' id='word_1_286' title='bbox 1899 1531 2043 1560; x_wconf 87' lang='lat' dir='ltr'>vestram</span> 
     </span>
     <span class='ocr_line' id='line_1_26' title="bbox 199 1584 2046 1632; baseline 0.001 -13"><span class='ocrx_word' id='word_1_287' title='bbox 199 1585 417 1631; x_wconf 86' lang='lat' dir='ltr'>subscriptam</span> <span class='ocrx_word' id='word_1_288' title='bbox 447 1589 511 1619; x_wconf 83' lang='lat' dir='ltr'>tan]</span> <span class='ocrx_word' id='word_1_289' title='bbox 539 1585 635 1620; x_wconf 85' lang='lat' dir='ltr'>nobis</span> <span class='ocrx_word' id='word_1_290' title='bbox 664 1590 697 1620; x_wconf 88' lang='lat' dir='ltr'>et</span> <span class='ocrx_word' id='word_1_291' title='bbox 725 1586 904 1632; x_wconf 87' lang='lat' dir='ltr'>apostolice</span> <span class='ocrx_word' id='word_1_292' title='bbox 941 1585 1091 1621; x_wconf 79' lang='lat' dir='ltr'>Camere.</span> <span class='ocrx_word' id='word_1_293' title='bbox 1131 1596 1225 1630; x_wconf 90' lang='lat' dir='ltr'>quam</span> <span class='ocrx_word' id='word_1_294' title='bbox 1261 1584 1346 1629; x_wconf 75' lang='lat' dir='ltr'>Regi</span> <span class='ocrx_word' id='word_1_295' title='bbox 1381 1586 1530 1631; x_wconf 88' lang='lat' dir='ltr'>predicto</span> <span class='ocrx_word' id='word_1_296' title='bbox 1566 1588 1766 1631; x_wconf 81' lang='lat' dir='ltr'>assignanda</span> <span class='ocrx_word' id='word_1_297' title='bbox 1802 1587 1977 1632; x_wconf 85' lang='lat' dir='ltr'>colligatur</span> <span class='ocrx_word' id='word_1_298' title='bbox 2011 1591 2046 1620; x_wconf 91' lang='lat' dir='ltr'>et</span> 
     </span>
     <span class='ocr_line' id='line_1_27' title="bbox 199 1644 2041 1691; baseline 0.001 -12"><span class='ocrx_word' id='word_1_299' title='bbox 199 1648 296 1680; x_wconf 87' lang='lat' dir='ltr'>etiam</span> <span class='ocrx_word' id='word_1_300' title='bbox 325 1649 491 1690; x_wconf 76' lang='lat' dir='ltr'>exigatur.</span> <span class='ocrx_word' id='word_1_301' title='bbox 522 1646 705 1680; x_wconf 88' lang='lat' dir='ltr'>huiusmodi</span> <span class='ocrx_word' id='word_1_302' title='bbox 735 1651 842 1680; x_wconf 87' lang='lat' dir='ltr'>autem</span> <span class='ocrx_word' id='word_1_303' title='bbox 872 1647 990 1680; x_wconf 88' lang='lat' dir='ltr'>solutio</span> <span class='ocrx_word' id='word_1_304' title='bbox 1017 1646 1073 1680; x_wconf 82' lang='lat' dir='ltr'>fiet</span> <span class='ocrx_word' id='word_1_305' title='bbox 1101 1646 1244 1691; x_wconf 89' lang='lat' dir='ltr'>quolibet</span> <span class='ocrx_word' id='word_1_306' title='bbox 1274 1657 1360 1679; x_wconf 89' lang='lat' dir='ltr'>anno</span> <span class='ocrx_word' id='word_1_307' title='bbox 1390 1646 1467 1680; x_wconf 89' lang='lat' dir='ltr'>dicti</span> <span class='ocrx_word' id='word_1_308' title='bbox 1496 1644 1646 1681; x_wconf 90' lang='lat' dir='ltr'>Triennii</span> <span class='ocrx_word' id='word_1_309' title='bbox 1674 1649 1706 1680; x_wconf 91' lang='lat' dir='ltr'>in</span> <span class='ocrx_word' id='word_1_310' title='bbox 1745 1650 1897 1681; x_wconf 87' lang='lat' dir='ltr'>terminis</span> <span class='ocrx_word' id='word_1_311' title='bbox 1934 1646 2041 1681; x_wconf 89' lang='lat' dir='ltr'>infra-</span> 
     </span>
     <span class='ocr_line' id='line_1_28' title="bbox 172 1706 2038 1753; baseline 0.001 -14"><span class='ocrx_word' id='word_1_312' title='bbox 172 1709 342 1752; x_wconf 67' lang='lat' dir='ltr'>scriptis,</span> <span class='ocrx_word' id='word_1_313' title='bbox 374 1706 540 1752; x_wconf 89' lang='lat' dir='ltr'>Siquidem</span> <span class='ocrx_word' id='word_1_314' title='bbox 571 1707 750 1742; x_wconf 84' lang='lat' dir='ltr'>solutionis</span> <span class='ocrx_word' id='word_1_315' title='bbox 769 1707 952 1741; x_wconf 88' lang='lat' dir='ltr'>medietatis</span> <span class='ocrx_word' id='word_1_316' title='bbox 987 1707 1173 1741; x_wconf 88' lang='lat' dir='ltr'>huiusmodi</span> <span class='ocrx_word' id='word_1_317' title='bbox 1208 1707 1336 1740; x_wconf 88' lang='lat' dir='ltr'>decime</span> <span class='ocrx_word' id='word_1_318' title='bbox 1370 1710 1463 1753; x_wconf 87' lang='lat' dir='ltr'>primi</span> <span class='ocrx_word' id='word_1_319' title='bbox 1492 1710 1569 1741; x_wconf 89' lang='lat' dir='ltr'>anni</span> <span class='ocrx_word' id='word_1_320' title='bbox 1603 1708 1678 1740; x_wconf 89' lang='lat' dir='ltr'>dicti</span> <span class='ocrx_word' id='word_1_321' title='bbox 1718 1707 1865 1741; x_wconf 90' lang='lat' dir='ltr'>Triennii</span> <span class='ocrx_word' id='word_1_322' title='bbox 1899 1710 2038 1753; x_wconf 88' lang='lat' dir='ltr'>primum</span> 
     </span>
     <span class='ocr_line' id='line_1_29' title="bbox 202 1766 2043 1814; baseline 0.001 -14"><span class='ocrx_word' id='word_1_323' title='bbox 202 1766 392 1800; x_wconf 90' lang='lat' dir='ltr'>Terminum</span> <span class='ocrx_word' id='word_1_324' title='bbox 427 1767 499 1801; x_wconf 80' lang='lat' dir='ltr'>fore</span> <span class='ocrx_word' id='word_1_325' title='bbox 536 1771 707 1803; x_wconf 86' lang='lat' dir='ltr'>statuimus</span> <span class='ocrx_word' id='word_1_326' title='bbox 742 1767 860 1802; x_wconf 87' lang='lat' dir='ltr'>festum</span> <span class='ocrx_word' id='word_1_327' title='bbox 904 1767 1055 1801; x_wconf 89' lang='lat' dir='ltr'>Omnium</span> <span class='ocrx_word' id='word_1_328' title='bbox 1099 1768 1297 1801; x_wconf 87' lang='lat' dir='ltr'>Sanctorum</span> <span class='ocrx_word' id='word_1_329' title='bbox 1334 1771 1486 1814; x_wconf 84' lang='lat' dir='ltr'>proxime</span> <span class='ocrx_word' id='word_1_330' title='bbox 1523 1772 1710 1810; x_wconf 85' lang='lat' dir='ltr'>venturum,</span> <span class='ocrx_word' id='word_1_331' title='bbox 1746 1768 1927 1802; x_wconf 89' lang='lat' dir='ltr'>secundum</span> <span class='ocrx_word' id='word_1_332' title='bbox 1962 1778 2043 1801; x_wconf 86' lang='lat' dir='ltr'>vero</span> 
     </span>
     <span class='ocr_line' id='line_1_30' title="bbox 202 1827 2041 1874; baseline 0.001 -14"><span class='ocrx_word' id='word_1_333' title='bbox 202 1829 376 1860; x_wconf 90' lang='lat' dir='ltr'>terminum</span> <span class='ocrx_word' id='word_1_334' title='bbox 405 1827 577 1862; x_wconf 84' lang='lat' dir='ltr'>solutionis</span> <span class='ocrx_word' id='word_1_335' title='bbox 605 1829 788 1862; x_wconf 83' lang='lat' dir='ltr'>medietatis</span> <span class='ocrx_word' id='word_1_336' title='bbox 817 1828 951 1862; x_wconf 89' lang='lat' dir='ltr'>alterius</span> <span class='ocrx_word' id='word_1_337' title='bbox 979 1827 1099 1862; x_wconf 91' lang='lat' dir='ltr'>festum</span> <span class='ocrx_word' id='word_1_338' title='bbox 1128 1830 1350 1862; x_wconf 85' lang='lat' dir='ltr'>Ascensionis</span> <span class='ocrx_word' id='word_1_339' title='bbox 1379 1828 1521 1872; x_wconf 86' lang='lat' dir='ltr'>Domini,</span> <span class='ocrx_word' id='word_1_340' title='bbox 1551 1827 1710 1874; x_wconf 88' lang='lat' dir='ltr'>prefatum</span> <span class='ocrx_word' id='word_1_341' title='bbox 1741 1828 1858 1863; x_wconf 87' lang='lat' dir='ltr'>festum</span> <span class='ocrx_word' id='word_1_342' title='bbox 1889 1828 2041 1861; x_wconf 83' lang='lat' dir='ltr'>Omnium</span> 
     </span>
     <span class='ocr_line' id='line_1_31' title="bbox 201 1887 2041 1934; baseline 0.001 -14"><span class='ocrx_word' id='word_1_343' title='bbox 201 1888 398 1921; x_wconf 86' lang='lat' dir='ltr'>Sanctorum</span> <span class='ocrx_word' id='word_1_344' title='bbox 428 1892 628 1922; x_wconf 90' lang='lat' dir='ltr'>secuturum.</span> <span class='ocrx_word' id='word_1_345' title='bbox 658 1888 818 1923; x_wconf 91' lang='lat' dir='ltr'>Volentes</span> <span class='ocrx_word' id='word_1_346' title='bbox 848 1892 879 1921; x_wconf 90' lang='lat' dir='ltr'>et</span> <span class='ocrx_word' id='word_1_347' title='bbox 908 1891 1004 1922; x_wconf 90' lang='lat' dir='ltr'>etiam</span> <span class='ocrx_word' id='word_1_348' title='bbox 1041 1889 1243 1931; x_wconf 84' lang='lat' dir='ltr'>ordinantes.</span> <span class='ocrx_word' id='word_1_349' title='bbox 1284 1888 1369 1934; x_wconf 89' lang='lat' dir='ltr'>quod</span> <span class='ocrx_word' id='word_1_350' title='bbox 1403 1892 1474 1934; x_wconf 84' lang='lat' dir='ltr'>ipsa</span> <span class='ocrx_word' id='word_1_351' title='bbox 1513 1888 1638 1922; x_wconf 89' lang='lat' dir='ltr'>decima</span> <span class='ocrx_word' id='word_1_352' title='bbox 1674 1891 1706 1922; x_wconf 91' lang='lat' dir='ltr'>in</span> <span class='ocrx_word' id='word_1_353' title='bbox 1744 1889 1882 1933; x_wconf 86' lang='lat' dir='ltr'>singulis</span> <span class='ocrx_word' id='word_1_354' title='bbox 1918 1887 2041 1922; x_wconf 89' lang='lat' dir='ltr'>eisdem</span> 
     </span>
     <span class='ocr_line' id='line_1_32' title="bbox 201 1948 2042 1996; baseline 0 -14"><span class='ocrx_word' id='word_1_355' title='bbox 201 1951 295 1982; x_wconf 87' lang='lat' dir='ltr'>annis</span> <span class='ocrx_word' id='word_1_356' title='bbox 330 1951 433 1995; x_wconf 86' lang='lat' dir='ltr'>ipsius</span> <span class='ocrx_word' id='word_1_357' title='bbox 471 1949 617 1982; x_wconf 88' lang='lat' dir='ltr'>Triennii</span> <span class='ocrx_word' id='word_1_358' title='bbox 653 1954 826 1995; x_wconf 88' lang='lat' dir='ltr'>postquam</span> <span class='ocrx_word' id='word_1_359' title='bbox 862 1953 909 1984; x_wconf 92' lang='lat' dir='ltr'>sic</span> <span class='ocrx_word' id='word_1_360' title='bbox 943 1954 1064 1983; x_wconf 74' lang='lat' dir='ltr'>exacta</span> <span class='ocrx_word' id='word_1_361' title='bbox 1101 1948 1211 1992; x_wconf 80' lang='lat' dir='ltr'>fuerit,</span> <span class='ocrx_word' id='word_1_362' title='bbox 1249 1960 1307 1983; x_wconf 87' lang='lat' dir='ltr'>seu</span> <span class='ocrx_word' id='word_1_363' title='bbox 1345 1952 1442 1983; x_wconf 90' lang='lat' dir='ltr'>totius</span> <span class='ocrx_word' id='word_1_364' title='bbox 1480 1952 1550 1983; x_wconf 89' lang='lat' dir='ltr'>eius</span> <span class='ocrx_word' id='word_1_365' title='bbox 1584 1949 1670 1995; x_wconf 90' lang='lat' dir='ltr'>quod</span> <span class='ocrx_word' id='word_1_366' title='bbox 1708 1948 1749 1983; x_wconf 90' lang='lat' dir='ltr'>de</span> <span class='ocrx_word' id='word_1_367' title='bbox 1781 1952 1852 1996; x_wconf 89' lang='lat' dir='ltr'>ipsa</span> <span class='ocrx_word' id='word_1_368' title='bbox 1887 1953 2042 1983; x_wconf 76' lang='lat' dir='ltr'>exactum</span> 
     </span>
     <span class='ocr_line' id='line_1_33' title="bbox 200 2008 2041 2056; baseline 0.001 -14"><span class='ocrx_word' id='word_1_369' title='bbox 200 2008 309 2051; x_wconf 86' lang='lat' dir='ltr'>fuerit,</span> <span class='ocrx_word' id='word_1_370' title='bbox 340 2009 451 2043; x_wconf 86' lang='lat' dir='ltr'>Tertia</span> <span class='ocrx_word' id='word_1_371' title='bbox 480 2020 556 2054; x_wconf 88' lang='lat' dir='ltr'>pars</span> <span class='ocrx_word' id='word_1_372' title='bbox 584 2009 627 2042; x_wconf 92' lang='lat' dir='ltr'>illi</span> <span class='ocrx_word' id='word_1_373' title='bbox 654 2010 711 2044; x_wconf 87' lang='lat' dir='ltr'>vel</span> <span class='ocrx_word' id='word_1_374' title='bbox 736 2009 800 2044; x_wconf 88' lang='lat' dir='ltr'>illis</span> <span class='ocrx_word' id='word_1_375' title='bbox 829 2021 925 2055; x_wconf 91' lang='lat' dir='ltr'>quem</span> <span class='ocrx_word' id='word_1_376' title='bbox 953 2009 1007 2043; x_wconf 88' lang='lat' dir='ltr'>vel</span> <span class='ocrx_word' id='word_1_377' title='bbox 1035 2021 1118 2055; x_wconf 88' lang='lat' dir='ltr'>quos</span> <span class='ocrx_word' id='word_1_378' title='bbox 1147 2010 1185 2043; x_wconf 91' lang='lat' dir='ltr'>ad</span> <span class='ocrx_word' id='word_1_379' title='bbox 1215 2021 1289 2044; x_wconf 89' lang='lat' dir='ltr'>eam</span> <span class='ocrx_word' id='word_1_380' title='bbox 1317 2009 1412 2044; x_wconf 91' lang='lat' dir='ltr'>vobis</span> <span class='ocrx_word' id='word_1_381' title='bbox 1441 2014 1473 2043; x_wconf 94' lang='lat' dir='ltr'>et</span> <span class='ocrx_word' id='word_1_382' title='bbox 1508 2010 1579 2044; x_wconf 91' lang='lat' dir='ltr'>aliis</span> <span class='ocrx_word' id='word_1_383' title='bbox 1613 2009 1770 2056; x_wconf 88' lang='lat' dir='ltr'>predictis</span> <span class='ocrx_word' id='word_1_384' title='bbox 1800 2008 2041 2043; x_wconf 77' lang='lat' dir='ltr'>Collectoribus</span> 
     </span>
     <span class='ocr_line' id='line_1_34' title="bbox 200 2069 2042 2116; baseline 0.001 -14"><span class='ocrx_word' id='word_1_385' title='bbox 200 2069 425 2115; x_wconf 83' lang='lat' dir='ltr'>recipiendam</span> <span class='ocrx_word' id='word_1_386' title='bbox 453 2069 645 2103; x_wconf 84' lang='lat' dir='ltr'>duxerimus</span> <span class='ocrx_word' id='word_1_387' title='bbox 673 2069 876 2116; x_wconf 88' lang='lat' dir='ltr'>deputandos</span> <span class='ocrx_word' id='word_1_388' title='bbox 904 2073 935 2104; x_wconf 92' lang='lat' dir='ltr'>in</span> <span class='ocrx_word' id='word_1_389' title='bbox 964 2074 1154 2104; x_wconf 87' lang='lat' dir='ltr'>nostrorum</span> <span class='ocrx_word' id='word_1_390' title='bbox 1182 2074 1215 2104; x_wconf 90' lang='lat' dir='ltr'>et</span> <span class='ocrx_word' id='word_1_391' title='bbox 1242 2070 1391 2105; x_wconf 88' lang='lat' dir='ltr'>eiusdem</span> <span class='ocrx_word' id='word_1_392' title='bbox 1420 2069 1578 2113; x_wconf 80' lang='lat' dir='ltr'>ecclesie,</span> <span class='ocrx_word' id='word_1_393' title='bbox 1616 2074 1650 2104; x_wconf 89' lang='lat' dir='ltr'>et</span> <span class='ocrx_word' id='word_1_394' title='bbox 1685 2070 1812 2116; x_wconf 89' lang='lat' dir='ltr'>relique</span> <span class='ocrx_word' id='word_1_395' title='bbox 1840 2070 1904 2103; x_wconf 92' lang='lat' dir='ltr'>due</span> <span class='ocrx_word' id='word_1_396' title='bbox 1931 2073 2042 2116; x_wconf 87' lang='lat' dir='ltr'>partes</span> 
     </span>
     <span class='ocr_line' id='line_1_35' title="bbox 203 2129 2070 2176; baseline 0 -13"><span class='ocrx_word' id='word_1_397' title='bbox 203 2130 309 2164; x_wconf 90' lang='lat' dir='ltr'>eidem</span> <span class='ocrx_word' id='word_1_398' title='bbox 337 2130 435 2175; x_wconf 82' lang='lat' dir='ltr'>Regi,</span> <span class='ocrx_word' id='word_1_399' title='bbox 463 2130 517 2164; x_wconf 93' lang='lat' dir='ltr'>vel</span> <span class='ocrx_word' id='word_1_400' title='bbox 546 2130 639 2164; x_wconf 88' lang='lat' dir='ltr'>alteri</span> <span class='ocrx_word' id='word_1_401' title='bbox 668 2130 709 2163; x_wconf 92' lang='lat' dir='ltr'>de</span> <span class='ocrx_word' id='word_1_402' title='bbox 735 2133 837 2176; x_wconf 89' lang='lat' dir='ltr'>ipsius</span> <span class='ocrx_word' id='word_1_403' title='bbox 865 2131 969 2176; x_wconf 84' lang='lat' dir='ltr'>Regis</span> <span class='ocrx_word' id='word_1_404' title='bbox 997 2135 1088 2164; x_wconf 88' lang='lat' dir='ltr'>certo</span> <span class='ocrx_word' id='word_1_405' title='bbox 1116 2130 1271 2165; x_wconf 85' lang='lat' dir='ltr'>mandato</span> <span class='ocrx_word' id='word_1_406' title='bbox 1299 2133 1331 2165; x_wconf 89' lang='lat' dir='ltr'>in</span> <span class='ocrx_word' id='word_1_407' title='bbox 1361 2133 1464 2176; x_wconf 88' lang='lat' dir='ltr'>ipsius</span> <span class='ocrx_word' id='word_1_408' title='bbox 1492 2129 1597 2174; x_wconf 81' lang='lat' dir='ltr'>Regis</span> <span class='ocrx_word' id='word_1_409' title='bbox 1625 2141 1763 2164; x_wconf 89' lang='lat' dir='ltr'>onerum</span> <span class='ocrx_word' id='word_1_410' title='bbox 1802 2130 2041 2164; x_wconf 84' lang='lat' dir='ltr'>relevationem</span> <span class='ocrx_word' id='word_1_411' title='bbox 2066 2145 2070 2149; x_wconf 92' lang='lat'></span> 
     </span>
     <span class='ocr_line' id='line_1_36' title="bbox 201 2189 2039 2237; baseline -0.001 -13"><span class='ocrx_word' id='word_1_412' title='bbox 201 2190 388 2225; x_wconf 90' lang='lat' dir='ltr'>huiusmodi</span> <span class='ocrx_word' id='word_1_413' title='bbox 417 2191 645 2225; x_wconf 89' lang='lat' dir='ltr'>convertende</span> <span class='ocrx_word' id='word_1_414' title='bbox 672 2202 733 2237; x_wconf 88' lang='lat' dir='ltr'>per</span> <span class='ocrx_word' id='word_1_415' title='bbox 759 2202 820 2225; x_wconf 90' lang='lat' dir='ltr'>vos</span> <span class='ocrx_word' id='word_1_416' title='bbox 848 2195 881 2225; x_wconf 87' lang='lat' dir='ltr'>et</span> <span class='ocrx_word' id='word_1_417' title='bbox 909 2192 990 2225; x_wconf 87' lang='lat' dir='ltr'>alios</span> <span class='ocrx_word' id='word_1_418' title='bbox 1024 2191 1190 2237; x_wconf 88' lang='lat' dir='ltr'>predictos</span> <span class='ocrx_word' id='word_1_419' title='bbox 1226 2190 1432 2225; x_wconf 85' lang='lat' dir='ltr'>Collectores</span> <span class='ocrx_word' id='word_1_420' title='bbox 1469 2190 1598 2225; x_wconf 88' lang='lat' dir='ltr'>sublato</span> <span class='ocrx_word' id='word_1_421' title='bbox 1635 2190 1806 2224; x_wconf 90' lang='lat' dir='ltr'>cuiuslibet</span> <span class='ocrx_word' id='word_1_422' title='bbox 1839 2189 2039 2224; x_wconf 90' lang='lat' dir='ltr'>difficultatis</span> 
     </span>
     <span class='ocr_line' id='line_1_37' title="bbox 200 2250 2039 2298; baseline -0.001 -13"><span class='ocrx_word' id='word_1_423' title='bbox 200 2250 372 2285; x_wconf 86' lang='lat' dir='ltr'>obstaculo</span> <span class='ocrx_word' id='word_1_424' title='bbox 401 2254 626 2296; x_wconf 86' lang='lat' dir='ltr'>assignentur.</span> <span class='ocrx_word' id='word_1_425' title='bbox 656 2250 821 2292; x_wconf 86' lang='lat' dir='ltr'>Quocirca</span> <span class='ocrx_word' id='word_1_426' title='bbox 848 2250 1045 2285; x_wconf 85' lang='lat' dir='ltr'>fraternitati</span> <span class='ocrx_word' id='word_1_427' title='bbox 1074 2256 1185 2286; x_wconf 89' lang='lat' dir='ltr'>vestre</span> <span class='ocrx_word' id='word_1_428' title='bbox 1212 2263 1273 2298; x_wconf 91' lang='lat' dir='ltr'>per</span> <span class='ocrx_word' id='word_1_429' title='bbox 1300 2251 1480 2297; x_wconf 89' lang='lat' dir='ltr'>apostolica</span> <span class='ocrx_word' id='word_1_430' title='bbox 1519 2254 1640 2296; x_wconf 90' lang='lat' dir='ltr'>scripta</span> <span class='ocrx_word' id='word_1_431' title='bbox 1669 2250 1861 2285; x_wconf 87' lang='lat' dir='ltr'>mandamus</span> <span class='ocrx_word' id='word_1_432' title='bbox 1890 2253 2039 2296; x_wconf 90' lang='lat' dir='ltr'>quatinus</span> 
     </span>
     <span class='ocr_line' id='line_1_38' title="bbox 201 2310 2039 2357; baseline -0.001 -12"><span class='ocrx_word' id='word_1_433' title='bbox 201 2321 265 2345; x_wconf 89' lang='lat' dir='ltr'>vos</span> <span class='ocrx_word' id='word_1_434' title='bbox 293 2315 326 2344; x_wconf 87' lang='lat' dir='ltr'>et</span> <span class='ocrx_word' id='word_1_435' title='bbox 354 2315 500 2345; x_wconf 86' lang='lat' dir='ltr'>vestrum</span> <span class='ocrx_word' id='word_1_436' title='bbox 529 2311 663 2357; x_wconf 88' lang='lat' dir='ltr'>quilibet</span> <span class='ocrx_word' id='word_1_437' title='bbox 690 2311 851 2357; x_wconf 85' lang='lat' dir='ltr'>prefatam</span> <span class='ocrx_word' id='word_1_438' title='bbox 879 2311 1038 2345; x_wconf 79' lang='lat' dir='ltr'>deciman]</span> <span class='ocrx_word' id='word_1_439' title='bbox 1068 2311 1108 2345; x_wconf 90' lang='lat' dir='ltr'>de</span> <span class='ocrx_word' id='word_1_440' title='bbox 1136 2311 1316 2346; x_wconf 91' lang='lat' dir='ltr'>redditibus</span> <span class='ocrx_word' id='word_1_441' title='bbox 1344 2315 1378 2345; x_wconf 83' lang='lat' dir='ltr'>et</span> <span class='ocrx_word' id='word_1_442' title='bbox 1404 2310 1621 2357; x_wconf 88' lang='lat' dir='ltr'>proventibus</span> <span class='ocrx_word' id='word_1_443' title='bbox 1649 2314 1772 2357; x_wconf 85' lang='lat' dir='ltr'>vestris</span> <span class='ocrx_word' id='word_1_444' title='bbox 1800 2311 2039 2344; x_wconf 88' lang='lat' dir='ltr'>ecclesiasticis</span> 
     </span>
     <span class='ocr_line' id='line_1_39' title="bbox 202 2370 2037 2416; baseline -0.001 -11"><span class='ocrx_word' id='word_1_445' title='bbox 202 2375 235 2406; x_wconf 90' lang='lat' dir='ltr'>iu</span> <span class='ocrx_word' id='word_1_446' title='bbox 264 2371 357 2406; x_wconf 86' lang='lat' dir='ltr'>dictis</span> <span class='ocrx_word' id='word_1_447' title='bbox 386 2372 507 2416; x_wconf 86' lang='lat' dir='ltr'>Regno</span> <span class='ocrx_word' id='word_1_448' title='bbox 535 2377 567 2406; x_wconf 92' lang='lat' dir='ltr'>et</span> <span class='ocrx_word' id='word_1_449' title='bbox 602 2372 715 2406; x_wconf 89' lang='lat' dir='ltr'>Terris</span> <span class='ocrx_word' id='word_1_450' title='bbox 749 2371 1005 2406; x_wconf 86' lang='lat' dir='ltr'>consistentibus</span> <span class='ocrx_word' id='word_1_451' title='bbox 1043 2371 1224 2406; x_wconf 88' lang='lat' dir='ltr'>secundum</span> <span class='ocrx_word' id='word_1_452' title='bbox 1258 2373 1460 2405; x_wconf 84' lang='lat' dir='ltr'>taxationem</span> <span class='ocrx_word' id='word_1_453' title='bbox 1497 2371 1636 2414; x_wconf 88' lang='lat' dir='ltr'>decime,</span> <span class='ocrx_word' id='word_1_454' title='bbox 1672 2373 1700 2405; x_wconf 94' lang='lat' dir='ltr'>si</span> <span class='ocrx_word' id='word_1_455' title='bbox 1733 2371 1913 2405; x_wconf 89' lang='lat' dir='ltr'>secundum</span> <span class='ocrx_word' id='word_1_456' title='bbox 1951 2370 2037 2404; x_wconf 88' lang='lat' dir='ltr'>illam</span> 
     </span>
     <span class='ocr_line' id='line_1_40' title="bbox 204 2429 2038 2479; baseline -0.002 -13"><span class='ocrx_word' id='word_1_457' title='bbox 204 2433 337 2466; x_wconf 87' lang='lat' dir='ltr'>solvere</span> <span class='ocrx_word' id='word_1_458' title='bbox 365 2435 611 2468; x_wconf 87' lang='lat' dir='ltr'>consueveritis</span> <span class='ocrx_word' id='word_1_459' title='bbox 640 2433 796 2479; x_wconf 82' lang='lat' dir='ltr'>Alioquin</span> <span class='ocrx_word' id='word_1_460' title='bbox 824 2435 916 2466; x_wconf 86' lang='lat' dir='ltr'>iuxta</span> <span class='ocrx_word' id='word_1_461' title='bbox 944 2443 1067 2466; x_wconf 88' lang='lat' dir='ltr'>morem</span> <span class='ocrx_word' id='word_1_462' title='bbox 1097 2432 1225 2465; x_wconf 89' lang='lat' dir='ltr'>modum</span> <span class='ocrx_word' id='word_1_463' title='bbox 1255 2436 1287 2465; x_wconf 90' lang='lat' dir='ltr'>et</span> <span class='ocrx_word' id='word_1_464' title='bbox 1313 2431 1584 2465; x_wconf 88' lang='lat' dir='ltr'>consuetudinem</span> <span class='ocrx_word' id='word_1_465' title='bbox 1604 2433 1636 2464; x_wconf 92' lang='lat' dir='ltr'>in</span> <span class='ocrx_word' id='word_1_466' title='bbox 1657 2433 1834 2465; x_wconf 77' lang='lat' dir='ltr'>exactione</span> <span class='ocrx_word' id='word_1_467' title='bbox 1854 2429 2038 2465; x_wconf 87' lang='lat' dir='ltr'>huiusmodi</span> 
     </span>
     <span class='ocr_line' id='line_1_41' title="bbox 204 2490 2037 2539; baseline -0.002 -13"><span class='ocrx_word' id='word_1_468' title='bbox 204 2493 365 2526; x_wconf 87' lang='lat' dir='ltr'>hactenus</span> <span class='ocrx_word' id='word_1_469' title='bbox 393 2493 590 2527; x_wconf 87' lang='lat' dir='ltr'>observatos</span> <span class='ocrx_word' id='word_1_470' title='bbox 617 2504 678 2539; x_wconf 89' lang='lat' dir='ltr'>per</span> <span class='ocrx_word' id='word_1_471' title='bbox 705 2493 823 2527; x_wconf 84' lang='lat' dir='ltr'>dictum</span> <span class='ocrx_word' id='word_1_472' title='bbox 853 2492 1041 2526; x_wconf 88' lang='lat' dir='ltr'>Triennium</span> <span class='ocrx_word' id='word_1_473' title='bbox 1070 2495 1101 2526; x_wconf 90' lang='lat' dir='ltr'>in</span> <span class='ocrx_word' id='word_1_474' title='bbox 1132 2491 1256 2526; x_wconf 90' lang='lat' dir='ltr'>eisdem</span> <span class='ocrx_word' id='word_1_475' title='bbox 1286 2490 1452 2525; x_wconf 90' lang='lat' dir='ltr'>Terminis</span> <span class='ocrx_word' id='word_1_476' title='bbox 1481 2502 1540 2537; x_wconf 93' lang='lat' dir='ltr'>pro</span> <span class='ocrx_word' id='word_1_477' title='bbox 1568 2493 1719 2536; x_wconf 87' lang='lat' dir='ltr'>portione</span> <span class='ocrx_word' id='word_1_478' title='bbox 1748 2494 1895 2524; x_wconf 91' lang='lat' dir='ltr'>vestrum</span> <span class='ocrx_word' id='word_1_479' title='bbox 1915 2500 2037 2536; x_wconf 88' lang='lat' dir='ltr'>quem-</span> 
     </span>
     <span class='ocr_line' id='line_1_42' title="bbox 204 2549 2036 2599; baseline -0.001 -13"><span class='ocrx_word' id='word_1_480' title='bbox 204 2552 283 2587; x_wconf 89' lang='lat' dir='ltr'>libet</span> <span class='ocrx_word' id='word_1_481' title='bbox 310 2555 526 2599; x_wconf 84' lang='lat' dir='ltr'>contingente</span> <span class='ocrx_word' id='word_1_482' title='bbox 553 2553 761 2598; x_wconf 83' lang='lat' dir='ltr'>integraliter</span> <span class='ocrx_word' id='word_1_483' title='bbox 789 2552 924 2587; x_wconf 89' lang='lat' dir='ltr'>solvere</span> <span class='ocrx_word' id='word_1_484' title='bbox 952 2557 984 2586; x_wconf 90' lang='lat' dir='ltr'>et</span> <span class='ocrx_word' id='word_1_485' title='bbox 1010 2552 1050 2587; x_wconf 88' lang='lat' dir='ltr'>ab</span> <span class='ocrx_word' id='word_1_486' title='bbox 1078 2551 1230 2586; x_wconf 89' lang='lat' dir='ltr'>omnibus</span> <span class='ocrx_word' id='word_1_487' title='bbox 1259 2552 1330 2586; x_wconf 85' lang='lat' dir='ltr'>aliis</span> <span class='ocrx_word' id='word_1_488' title='bbox 1361 2551 1653 2597; x_wconf 89' lang='lat' dir='ltr'>Archiepiscopis,</span> <span class='ocrx_word' id='word_1_489' title='bbox 1682 2550 1868 2597; x_wconf 89' lang='lat' dir='ltr'>Episcopis,</span> <span class='ocrx_word' id='word_1_490' title='bbox 1899 2549 2036 2585; x_wconf 89' lang='lat' dir='ltr'>Prelatis</span> 
     </span>
    </p>
   </div>
  </div>
 </body>
</html>
