2206 2735
1057 44 1125 77 1913

164 157 354 204 Stephanus
387 157 492 189 dictus
530 156 569 189 dc
609 156 731 189 Trachi
770 156 869 190 Ciues
909 156 1119 191 brunnenses
1149 157 1319 192 excolunt.
1357 156 1504 196 Quorum
1544 162 1574 190 et
1604 168 1740 203 quarum
1780 161 2017 204 proprietatem

160 223 193 252 et
221 219 398 252 dominium
430 217 468 249 ad
500 219 741 262 preposituram
771 216 857 250 dicte
890 216 1146 251 bolaslauiensis
1175 218 1322 252 ecclesie
1352 228 1412 262 per
1440 218 1614 251 multorum
1646 217 1708 251 lide
1747 217 1921 262 dignorum
1963 224 2017 253 te—

159 281 345 313 stimonium
376 282 406 310 et
436 288 496 323 per
525 287 732 311 communem
763 280 952 323 opinionem
983 281 1126 311 onmium
1157 289 1431 324 quorumcunque
1468 283 1500 312 et
1536 279 1654 313 l'amam
1692 278 1855 325 publicam
1894 284 1924 313 et
1954 281 2016 314 alia

163 338 335 374 ammicnla
365 342 519 384 spectare
558 342 588 371 et
628 341 795 384 pertinere
832 341 1028 383 reperimus,
1067 339 1199 374 domino
1230 343 1322 385 petro
1352 343 1385 372 et
1413 349 1473 372 sue
1503 342 1708 384 prepositure
1737 340 1886 377 ecclesie
1915 339 2009 374 bola-

161 401 337 434 slaniensis
368 398 506 444 prefatis
537 403 612 432 aute
642 398 762 432 festum
793 401 1069 432 animnciacionis
1098 400 1264 433 dominice
1294 402 1446 445 proxime
1475 399 1616 432 l'utnriun
1646 402 1821 433 restituant
1852 404 1883 434 et
1912 402 2015 446 ipsum

164 460 329 493 dominnm
368 464 496 505 petrum
537 462 671 492 nomine
708 458 856 492 eiusdem
893 470 952 493 sue
986 462 1198 507 prepositure
1236 465 1268 493 et
1306 459 1451 493 ecclesie
1481 459 1519 492 ad
1550 463 1800 504 possessionem
1834 461 2016 494 eorundem

161 524 317 554 montium
347 525 377 553 et
409 523 581 553 vincarum
621 520 793 553 admittant
832 522 999 565 perpetuis
1036 519 1237 565 temporibus
1275 519 1445 565 pacificam
1476 523 1508 553 et
1536 522 1691 565 quietam.
1749 521 1809 554 Pro
1856 521 2038 555 fructibus*

161 592 240 615 nero
280 581 319 614 ab
357 581 484 614 eisdem
524 580 686 614 montibus
725 585 756 613 et
796 583 904 613 vineis
943 591 1002 625 per
1037 583 1127 626 ipsas
1157 580 1361 615 abbatissam
1391 585 1423 614 et
1452 580 1661 614 Conuentnni
1692 585 1859 628 perceptis
1891 593 1929 615 ac
1958 592 2017 628 pro

162 645 321 687 expensis
352 652 410 687 per
439 640 560 674 dictum
591 640 756 674 dominum
788 645 916 686 petrum
949 644 1153 686 prepositum
1184 644 1215 676 in
1246 642 1300 675 lite
1330 642 1425 675 sactis
1445 642 1562 675 eedem
1583 640 1749 675 abbatissa
1771 647 1803 675 et
1823 642 2017 676 Conncntns

161 703 282 736 dabunt
321 706 352 735 et
391 703 521 735 solnent
560 701 642 735 inl'ra
681 706 817 735 octauas
856 702 931 735 sesti
967 706 1072 735 saneti
1111 701 1248 746 Georgii
1286 704 1436 747 proxime
1465 702 1592 736 allaturi
1624 701 1729 735 eidem
1760 701 1891 736 domino
1924 708 2018 749 petro

161 764 309 808 Triginta
349 774 490 797 mareas.
539 763 725 806 Sexaginta
772 766 912 806 quatuor
953 773 1093 807 grossos
1130 762 1338 796 denariorum
1378 765 1591 808 pragensium
1630 772 1688 807 pro
1727 773 1838 795 marca
1874 763 2016 808 qnalibet

161 824 393 870 computando.
427 825 535 868 Super
564 822 728 856 montibus
759 834 839 856 nero
868 822 1026 865 Murker„
1041 822 1175 868 Wysen
1205 826 1276 857 sine
1307 822 1625 868 Nikolcziczerperg
1654 828 1683 856 et
1706 823 1907 869 Scbonperg
1928 835 2017 858 nnn-

162 888 289 931 cupatis
320 895 392 917 cnm
424 887 544 918 vineis.
585 886 674 927 agris
704 884 799 916 cultis
829 888 860 916 et
890 884 1032 927 incultis,
1073 886 1174 929 pratis
1211 886 1345 929 pascuis
1374 884 1556 917 eorundem
1586 887 1746 918 montium
1776 889 1807 917 et
1836 888 1928 918 circa
1957 895 2016 918 eos

162 950 243 980 sitis.
275 946 358 986 Quia
388 948 479 989 ipsos
510 944 593 977 inl'ra
625 945 742 977 limites
771 948 803 977 et
833 944 982 977 contines
1012 955 1158 989 auspccz
1187 956 1267 978 esse
1298 949 1331 978 ct
1359 947 1523 979 contineri
1561 949 1594 978 et
1623 944 1662 978 ad
1695 948 1783 991 ipsas
1816 944 2016 979 abbatissam

162 1013 191 1041 et
222 1008 426 1040 Conuentnm
458 1016 496 1039 ac
526 1015 639 1038 earnm
672 1004 910 1038 Monastcrium
942 1004 1104 1050 prefatum
1135 1008 1206 1039 inre
1236 1008 1449 1051 proprietatis
1478 1011 1510 1039 et
1539 1005 1673 1039 dominii
1695 1010 1851 1051 spectare
1882 1010 1913 1039 et
1934 1017 2017 1051 per-

164 1072 269 1102 tinere
307 1068 481 1100 multorum
525 1066 588 1099 lide
636 1066 811 1109 dignorum
843 1066 937 1099 liuius
981 1068 1028 1099 rei
1076 1069 1228 1099 noticiam
1268 1065 1467 1099 liabencium
1498 1069 1687 1100 testimonio
1717 1071 1820 1100 etex
1852 1069 2017 1100 communi

163 1131 306 1163 oninium
336 1130 492 1172 opinione
521 1131 550 1159 et
581 1126 665 1159 fama
697 1131 727 1160 et
756 1127 837 1160 alias
867 1127 1014 1169 legitime
1043 1126 1138 1160 nobis
1169 1129 1315 1160 constitit
1343 1131 1442 1172 atque
1471 1131 1614 1169 constat,
1644 1126 1684 1160 ab
1715 1129 1925 1172 impeticionc
1954 1126 2018 1160 do-

163 1193 238 1223 mini
287 1191 368 1234 petri
415 1192 444 1220 et
488 1197 547 1220 sne
593 1187 739 1220 ecclesie
786 1198 824 1220 ac
863 1198 996 1220 suorum
1027 1197 1260 1220 successorum
1291 1187 1422 1233 prefati,
1451 1187 1586 1221 easdem
1616 1187 1830 1221 Abbatissam
1862 1192 1894 1220 et
1924 1186 2017 1221 Con-

163 1254 294 1284 neutum
344 1249 497 1281 duximus
545 1246 778 1282 absolueudas.
826 1248 931 1281 eidem
979 1247 1112 1281 domino
1158 1253 1254 1294 petro
1303 1253 1333 1282 et
1370 1251 1439 1282 suis
1476 1248 1730 1282 successoribus
1758 1259 1859 1294 super
1890 1248 2016 1282 eisdem

168 1310 347 1344 montibus.
379 1311 498 1342 vineis.
530 1311 631 1351 agris.
662 1311 777 1353 pratis.
809 1311 943 1354 pascuis
974 1313 1004 1341 et
1034 1320 1149 1342 eornm
1179 1312 1397 1356 pertinenciis
1425 1312 1593 1343 vninersis
1625 1314 1818 1355 perpetuum
1842 1310 2016 1343 silencium

167 1374 387 1417 imponentes.
433 1368 471 1402 lit
501 1368 540 1402 ad
570 1368 832 1402 subtrahendum
869 1369 965 1403 dictis
1005 1370 1150 1415 partibus
1180 1374 1213 1403 et
1240 1381 1354 1403 earum
1383 1372 1526 1416 posteris
1564 1380 1695 1403 omnem
1732 1372 1952 1403 occasionem
1983 1374 2015 1403 et

165 1434 335 1466 materiam
375 1429 524 1474 litigandi
563 1429 765 1465 ordinamus.
814 1430 953 1463 dicimus
991 1433 1024 1464 ot
1060 1433 1273 1476 precipimus,
1322 1431 1407 1476 qnod
1437 1442 1502 1464 vna
1531 1442 1607 1476 pars
1636 1430 1730 1464 alteri
1760 1431 1947 1464 adinnicem
1978 1430 2018 1464 dc

165 1492 314 1528 omnibus.
344 1491 501 1537 predictis
533 1494 564 1523 et
595 1491 734 1535 singulis
767 1490 850 1524 aliis.
881 1502 944 1536 qne
975 1502 1039 1524 vna
1069 1490 1109 1524 ab
1138 1492 1200 1524 alia
1230 1494 1411 1525 occasione
1440 1493 1608 1533 montinnn
1640 1493 1825 1526 vinearum.
1850 1501 2017 1534 agrorum.

167 1559 335 1600 pratorum
375 1556 406 1584 et
445 1562 643 1596 pascuorum
683 1551 904 1597 predictorum
944 1556 1057 1597 posset
1095 1556 1210 1597 petere
1239 1551 1487 1596 quomodolibet
1516 1554 1546 1585 in
1576 1551 1732 1586 futurum.
1763 1551 1887 1585 faciant
1921 1551 2019 1585 bodie

167 1625 226 1661 per
255 1618 356 1647 totum
392 1612 477 1646 diem
519 1616 653 1646 nomine
692 1623 755 1656 quo
793 1624 890 1658 snpra
930 1624 988 1658 pro
1018 1623 1055 1646 se
1084 1617 1116 1645 et
1146 1615 1214 1645 suis
1244 1623 1287 1645 ex
1317 1617 1458 1658 Vtraque
1487 1617 1580 1657 parte
1610 1611 1874 1647 successoribus.
1909 1612 2021 1659 tinem,

167 1674 420 1715 rel'utacionem„
451 1674 688 1707 ‹lil'linicionem
727 1678 759 1707 et
795 1679 924 1719 pactum
965 1673 1005 1706 de
1035 1672 1171 1706 vlterius
1201 1684 1265 1706 non
1296 1673 1438 1719 petendo
1469 1684 1529 1718 per
1556 1672 1720 1718 publicum
1751 1676 2021 1708 instrumentum.

168 1735 208 1769 Et
239 1734 325 1780 quod
355 1738 493 1779 xli-aque
524 1745 600 1780 pars
632 1745 691 1780 per
720 1745 757 1768 se
787 1735 840 1768 vel
870 1738 1105 1780 procuratores
1136 1734 1302 1778 legitimos
1349 1736 1480 1768 vocatis
1524 1734 1564 1768 ad
1608 1733 1669 1767 boe
1714 1734 1755 1767 de
1792 1734 1951 1779 Auspecz
1989 1739 2022 1768 et

168 1796 363 1830 Nikolczicz
393 1794 579 1828 bominibus
615 1795 678 1828 lide
713 1796 820 1840 dignis
858 1798 911 1841 qui
946 1795 1085 1828 comode
1123 1799 1277 1840 poterunt
1306 1797 1483 1837 interesse„
1513 1794 1644 1828 ordinet
1674 1799 1706 1828 et
1735 1799 1904 1840 procuret7
1935 1793 2020 1839 q'nod

169 1857 286 1889 eodem
316 1855 368 1888 die
399 1867 462 1901 qno
491 1860 620 1889 montes
658 1855 816 1901 Nusperfr
851 1855 1070 1902 pliall'enberg
1107 1860 1139 1888 et
1172 1858 1271 1888 vinee
1300 1855 1429 1901 prefate
1458 1855 1591 1889 domino
1620 1860 1714 1901 petro
1744 1859 1775 1889 et
1804 1866 1863 1888 sue
1895 1865 2022 1901 prepo—

794 1885 812 1901 Ὦ

170 1921 273 1952 siture
303 1916 463 1962 predicte.
494 1920 722 1959 restituentur,
771 1917 951 1951 secundum
986 1916 1236 1950 ordinacionem
1274 1920 1419 1949 nostram
1456 1919 1545 1961 prius
1583 1916 1715 1950 dictam.
1763 1920 1904 1962 ponatur
1934 1918 2019 1949 inter

170 1982 315 2012 montem
344 1976 560 2023 pbass'enberg
589 1982 621 2011 et
650 1982 741 2022 prata
764 1989 802 2011 ac
831 1989 954 2023 pascua
981 1980 1086 2024 ipsum
1117 1981 1260 2010 montem
1292 1980 1493 2021 attingencia
1522 1977 1669 2023 predicta
1699 1982 1731 2011 et
1760 1977 1841 2010 alias
1871 1976 1927 2010 vbi
1957 1988 2023 2010 ne-

169 2050 268 2073 cesse
297 2038 405 2077 fuerit,
436 2038 562 2083 lapides
592 2038 646 2072 vel
676 2039 738 2072 alia
767 2041 863 2082 signa
900 2038 1078 2072 confinium
1114 2042 1146 2071 et
1182 2038 1316 2071 limitum
1349 2038 1505 2084 Auspecz
1535 2042 1567 2071 et
1595 2037 1786 2071 Nikolczicz
1816 2037 2019 2079 distinctim„

170 2100 344 2143 wlgariter
373 2099 479 2132 lewer
506 2103 705 2144 nuncupata.
762 2099 804 2133 Et
838 2099 925 2144 quod
966 2103 1082 2133 neutra
1119 2109 1196 2145 pars
1225 2099 1278 2131 illa
1313 2101 1407 2142 signa
1444 2110 1503 2144 per
1541 2109 1578 2132 se
1607 2099 1660 2133 vel
1690 2109 1749 2144 per
1777 2098 1860 2131 alios
1893 2098 2022 2144 publice

170 2161 223 2194 vel
270 2159 380 2193 oculte
422 2158 583 2204 deponat,
620 2159 749 2193 auferat
783 2160 837 2193 vel
867 2164 1075 2205 transponat,
1124 2158 1194 2193 Nec
1232 2158 1393 2203 aliquibus
1423 2162 1650 2205 cuiuscunque
1679 2163 1782 2192 status
1815 2163 1870 2193 aut
1899 2159 2021 2193 condi-

169 2223 275 2254 cionis
305 2222 450 2253 existant
487 2223 557 2265 ipsa
595 2222 691 2264 signa
725 2230 922 2265 quocunque
961 2231 1041 2253 casu
1079 2218 1333 2266 deponentibus,
1371 2218 1598 2253 auferentibus
1635 2218 1689 2253 vel
1726 2219 2022 2265 transponentibus

169 2283 354 2314 consentiat
393 2283 510 2326 quouis
548 2279 645 2313 modo
681 2279 723 2313 Et
758 2280 843 2326 quod
873 2279 1056 2315 Abbatissa
1086 2284 1118 2314 et
1147 2279 1341 2314 Conuentus
1370 2279 1503 2313 domino
1532 2284 1625 2325 petro
1655 2284 1686 2313 et
1716 2290 1775 2313 sue
1804 2280 1954 2314 ecclesie
1984 2291 2022 2314 ac

169 2340 422 2375 successorihus
459 2339 612 2386 prefatis,
659 2340 893 2386 patrisabbatis
929 2340 1109 2374 earundem
1146 2340 1313 2375 abbatisse
1342 2344 1374 2374 et
1403 2340 1604 2381 Conuentus,
1651 2343 1723 2386 ipse
1752 2351 1833 2374 uero
1865 2340 2021 2375 dominus

170 2406 283 2447 petrus
313 2412 448 2435 suorum
477 2404 509 2434 in
540 2401 602 2435 hac
631 2405 724 2447 parte
753 2404 961 2447 superiorum
991 2405 1024 2434 et
1052 2400 1191 2447 Capituli
1219 2401 1365 2435 ecclesie
1395 2400 1650 2435 bolaslauiensis
1680 2400 1864 2447 sepedicte‚
1896 2401 2023 2435 eisdem

170 2461 336 2495 abbatisse
366 2466 399 2495 et
428 2461 614 2496 Conuentui
644 2472 746 2508 super
766 2472 932 2507 expresso
961 2472 1131 2496 consensu
1160 2461 1201 2495 ad
1229 2464 1504 2508 compromissum
1533 2461 1716 2507 predictum
1733 2466 1766 2495 et
1785 2472 1928 2508 presens
1957 2472 2024 2496 no-

171 2526 273 2556 strum
303 2522 472 2556 arbitrium
502 2525 574 2556 siue
610 2522 741 2556 laudum
781 2526 814 2556 et
850 2522 889 2556 ad
925 2525 1034 2556 omnia
1081 2526 1112 2556 et
1157 2523 1287 2568 singula
1340 2525 1370 2556 in
1401 2521 1527 2556 eisdem
1557 2525 1795 2568 compromisso
1825 2527 1859 2556 et
1886 2522 2021 2556 arbitrio
