2206 2735
1065 103 1069 104 ⁷
1105 51 1186 104 1⁶3

214 163 367 206 noribuS,
398 166 598 206 sentenciis,
628 165 758 209 punctis
787 167 819 196 et
846 162 1025 206 clausulis,
1055 166 1140 198 sicut
1173 175 1237 198 vsu
1273 165 1439 197 utencium
1474 163 1549 197 talia
1586 163 1770 210 approbata
1805 168 1988 199 noscuntur
2022 163 2062 198 de

215 224 318 259 uerbo
347 224 387 259 ad
417 224 572 267 uerbum,
607 235 645 257 ac
675 226 702 257 si
731 228 865 257 tenores
895 226 1037 257 omnium
1067 223 1278 269 presentibus
1310 225 1428 257 inserti
1463 226 1704 267 consisterent,
1742 227 1848 258 eciam
1877 227 1905 259 si
1933 224 1973 258 de
2002 223 2063 259 hiis

214 283 300 319 Jure
329 285 384 319 vel
412 284 666 320 conswetudine
695 283 835 318 deberet
861 287 893 318 in
921 283 1133 329 presentibus
1167 283 1238 317 fieri
1270 286 1400 317 mencio
1437 283 1610 329 specialis,
1645 287 1732 319 sicut
1765 288 1826 319 rite
1861 289 1895 319 et
1925 284 2064 331 prouide

216 350 475 392 processerunt,
506 344 744 391 approbamus,
774 344 976 378 ratificamus
1005 347 1038 378 et
1067 344 1107 378 de
1135 348 1251 379 nostre
1285 342 1556 390 magnificencie,
1591 343 1806 389 benignitatis
1833 348 1949 390 gracia
1978 356 2065 379 con-

216 406 392 441 firmamus.
423 405 616 440 Inhibentes
645 406 834 451 specialiter
862 409 894 439 et
922 416 1089 451 expresse
1117 407 1287 440 vniuersis
1323 409 1356 438 et
1389 404 1528 449 singulis
1560 404 1769 451 Principibus
1802 410 1834 439 et
1865 405 2064 449 Baronibus,

215 466 392 510 nobilibus,
420 466 614 511 Burgrauiis
642 471 676 500 et
703 468 826 500 ceteris
854 464 1058 509 hominibus,
1101 465 1225 500 Incolis
1258 469 1291 499 et
1323 463 1595 500 inhabitatoribus
1631 469 1719 499 terre
1753 470 1868 499 nostre
1902 465 2065 509 Morauie,

217 531 444 573 cuiuscunque
473 527 680 561 condicionis
710 530 867 569 existant,
897 537 939 560 ne
966 528 999 560 in
1029 525 1180 572 predicto
1209 525 1415 561 Monasterio
1442 529 1572 569 uestro,
1601 525 1716 569 bonis,
1746 526 1888 572 prediis,
1917 526 2005 561 villis
2034 530 2066 560 et

217 586 509 636 possessionibus,
547 588 586 621 ad
619 588 704 622 idem
733 586 990 634 pertinentibus,
1020 586 1280 633 hospitalitates,
1318 589 1506 630 staciones,
1536 597 1597 620 seu
1625 589 1759 632 quosuis
1788 587 1929 622 insultus
1959 597 2066 621 exer·—

216 654 323 692 ceant,
354 660 415 684 seu
443 660 517 691 vos,
547 648 734 692 Abbatem,
765 647 991 691 Conuentum,
1021 647 1270 691 Monasterium,
1299 647 1451 682 homines
1486 651 1519 681 et
1553 646 1702 682 subditos
1736 652 1870 683 vestros
1905 647 2066 693 aliquibus

216 709 473 755 impedimentis,
503 719 566 744 sev
593 707 841 754 grauaminibus
871 711 1064 754 inquietent.
1094 709 1252 754 Alioquin
1282 707 1463 753 Purgrauio
1491 712 1605 743 nostro
1633 708 1674 742 de
1703 707 1897 755 Aycharns,
1926 711 1980 754 qui
2009 718 2067 754 pro

216 781 304 804 nunc
332 775 383 804 est
411 773 444 803 et
480 772 533 815 qui
568 780 627 815 pro
662 772 813 816 tempore
850 768 966 812 fuerit,
1009 771 1071 802 rite
1105 772 1331 804 commisimus
1372 773 1405 802 et
1437 779 1602 815 expresse
1639 769 1788 804 dedimus
1823 771 1857 802 in
1893 768 2067 812 mandatis,

216 835 378 876 quatenus
407 841 481 873 vos,
511 829 689 873 Abbatem,
719 828 939 869 Conuentum,
969 840 1189 865 successores
1219 834 1252 864 et
1278 829 1528 871 Monasterium,
1558 829 1721 872 homines,
1743 828 1903 872 subditos,
1925 839 2065 874 posses·

217 894 330 925 siones
360 896 391 924 et
421 889 534 937 predia
563 890 603 924 ab
639 888 791 924 omnibus
824 890 942 923 talibus
975 893 1117 933 iniuriis,
1153 890 1448 937 oppressionibus,
1482 890 1657 924 violenciis
1691 889 1856 924 aduersus
1891 888 2068 934 quemlibet

216 954 270 996 qui
299 955 416 997 quauis
445 954 626 986 occasione
663 953 760 985 reniti
797 953 1057 997 presumpserit,
1091 953 1289 985 auctoritate
1317 955 1430 985 nostra
1459 954 1613 984 tueantur
1641 950 1739 995 (sic),
1776 950 2000 984 decernentes
2034 954 2067 983 et

217 1016 331 1046 nostre
360 1012 566 1046 celsitudinis
595 1015 777 1046 statuentes
807 1011 927 1054 edicto,
957 1011 1043 1056 quod
1072 1011 1220 1057 prefatus
1249 1014 1466 1057 purgrauius,
1495 1013 1679 1045 seruitores
1707 1015 1740 1044 et
1773 1009 1921 1044 fautores
1948 1012 2066 1056 ipsius,

217 1076 270 1118 qui
299 1073 339 1106 ad
368 1072 553 1108 huiusmodi
584 1072 812 1106 defensionem
841 1076 987 1106 vestram
1018 1072 1176 1105 auxilium
1203 1074 1404 1117 prestiterint
1440 1082 1503 1105 sev
1529 1070 1699 1112 fauorem,
1737 1070 1778 1104 ad
1815 1070 1969 1104 zudarios
2006 1081 2065 1104 seu

216 1136 333 1179 queuis
363 1133 426 1166 alia
456 1138 544 1167 terre
573 1133 694 1167 iudicia
722 1135 816 1166 citari
846 1143 905 1167 seu
933 1134 1047 1166 uocari
1076 1143 1141 1166 non
1171 1131 1331 1174 debeant,
1370 1134 1559 1165 sentencias
1598 1133 1723 1173 eciam,
1759 1133 1786 1164 si
1822 1141 1887 1175 que
1921 1130 2067 1176 desuper

216 1195 279 1228 late
309 1194 440 1237 suerint,
470 1193 596 1228 viribus
624 1198 820 1227 vacuantes.
852 1192 938 1226 Nulli
967 1204 1048 1238 ergo
1077 1192 1243 1226 hominum
1273 1192 1370 1225 liceat
1397 1191 1482 1225 hanc
1511 1195 1626 1225 nostre
1654 1189 1908 1236 approbacionis
1928 1195 1961 1224 et
1977 1193 2065 1225 rati-

216 1255 387 1288 licacionis
417 1257 572 1301 paginam
602 1254 798 1298 infringere,
829 1264 887 1288 seu
917 1256 948 1287 ei
976 1256 1093 1299 quouis
1123 1264 1205 1287 ausu
1233 1255 1412 1286 temerario
1441 1255 1611 1286 contraire
1644 1250 1705 1285 sub
1742 1262 1829 1297 pena
1866 1254 1981 1296 grauis
2008 1254 2065 1286 in—

216 1315 426 1360 dignacionis
454 1320 569 1350 nostre
597 1326 657 1361 pro
686 1319 773 1349 motu
802 1314 1056 1348 deliberacionis
1091 1318 1204 1349 nostre
1240 1312 1492 1359 quibuscunque
1529 1317 1646 1347 contra
1674 1311 1889 1347 venientibus
1916 1314 2065 1357 grauiter

216 1375 407 1421 infligenda.
446 1376 659 1410 Presencium
689 1375 748 1410 sub
785 1380 901 1410 nostre
935 1378 1116 1409 maiestatis
1153 1374 1260 1419 sigillo
1296 1376 1485 1408 testimonio
1522 1373 1716 1407 litterarum.
1772 1373 1891 1407 Datum
1928 1372 2064 1408 Brunne

217 1437 316 1470 Anno
346 1436 467 1471 domini
496 1436 672 1470 Millesimo
702 1435 954 1470 Trecentesimo
984 1435 1265 1482 Quinquagesimo
1294 1437 1413 1469 tercio.
1445 1433 1570 1475 Quarto
1598 1445 1705 1469 nonas
1735 1437 1860 1469 mensis
1888 1433 1978 1468 Julii.

524 1514 617 1549 (Oi-ig.
636 1515 720 1548 Pei-g.
746 1514 829 1548 hang.
850 1513 909 1548 Sig.
935 1515 971 1539 ini
989 1513 1112 1540 Archive
1138 1513 1290 1540 desselben
1308 1514 1449 1543 Klosters,
1475 1513 1510 1538 im
1530 1512 1784 1539 Laudes-Archive
1809 1512 1868 1540 Lit.
1883 1512 1918 1545 A,
1934 1512 1986 1540 Nr.
2001 1511 2062 1550 62.)

1089 1660 1197 1694 213.

798 1747 957 1780 Briitmer
984 1746 1179 1780 Lamlreelet
1207 1745 1240 1779 6.
1267 1746 1342 1779 Julz·
1370 1745 1479 1779 1353.

370 1822 488 1877 Anno
518 1843 641 1877 domini
668 1843 843 1877 Millesimo
872 1842 1124 1876 Trecentesimo
1161 1841 1441 1888 Quinquagesimo
1477 1843 1582 1875 tercio
1620 1840 1758 1875 Sabatto
1794 1843 1948 1887 proximo
1984 1845 2059 1887 post

214 1908 365 1938 octauam
396 1904 511 1938 Sancti
539 1904 699 1938 Johannis
728 1904 876 1950 Baptiste
905 1903 1110 1948 Colloquium
1139 1902 1336 1936 Brunnense
1372 1913 1433 1948 per
1467 1901 1634 1935 dominum
1669 1900 1928 1935 Serenissimum
1961 1903 2059 1946 prin—

215 1967 321 2010 cipem
358 1964 524 1998 dominum
560 1963 751 2000 Johannem
793 1963 1021 1999 Marchionein
1064 1963 1233 2007 Morauie,
1274 1962 1459 1997 Johannem
1502 1961 1542 1995 de
1584 1961 1795 2007 Bozcowyez
1834 1960 2058 1996 Canlerarium

215 2025 461 2069 Brunnenseni,
492 2025 714 2059 Theodricum
742 2025 851 2072 Spran
880 2024 1055 2059 Sudariuin
1086 2029 1118 2058 et
1146 2023 1306 2069 Ogerium
1334 2023 1504 2057 Notarium
1532 2027 1623 2057 terre
1650 2021 1709 2056 fuit
1729 2023 1943 2068 solempniter
1962 2023 2059 2056 cele-

214 2085 339 2119 bratum
370 2075 491 2120 Coram
520 2085 690 2119 Nobilibus
719 2088 801 2120 viris
831 2085 970 2118 dominis
1007 2084 1158 2118 Johanue
1187 2084 1228 2117 de
1258 2084 1417 2128 Crawar,
1455 2083 1645 2130 Stephano,
1681 2082 1814 2117 Matheo
1844 2087 1876 2116 et
1903 2082 2057 2117 Jaroslao

214 2146 368 2180 fratribus
398 2146 438 2180 de
467 2145 673 2190 Steriuberg,
704 2144 794 2179 Cuna
825 2145 865 2178 de
885 2145 1045 2192 Lyssecz,
1075 2145 1183 2179 Adam
1204 2145 1243 2178 de
1265 2144 1415 2191 Cunycz,
1444 2144 1615 2178 Jenczone
1639 2148 1671 2177 et
1691 2143 1883 2177 Proczcone
1903 2142 2056 2177 fratribus

213 2205 253 2239 de
270 2206 460 2252 Lompnicz,
489 2217 621 2240 necnon
649 2204 809 2241 Johanne
836 2209 1006 2252 preposito
1036 2205 1250 2240 Olomucensi
1277 2208 1467 2250 ceterisque
1496 2205 1603 2239 multis
1633 2203 1796 2238 nobilibus
1826 2203 2012 2248 fidedignis.

523 2285 669 2319 (Briiuner
693 2284 851 2310 Landtafel
875 2284 940 2312 Lib.
965 2285 1009 2317 lll,
1036 2284 1086 2311 Nr.
1115 2285 1154 2315 1.)
