2206 2735
1091 85 1134 115 io

188 197 354 243 Episcopi,
386 208 448 231 nec
479 208 543 231 non
574 197 768 230 dilectorum
798 196 935 229 liliorum
966 195 1105 241 Capituli
1135 193 1264 240 prefate
1295 193 1435 238 Pragen.
1466 194 1611 227 ecclesie
1646 199 1676 227 et
1705 194 1925 240 ‹piorumlibet
1954 194 2040 228 Pre-

189 258 326 291 latorum
356 262 388 292 et
417 257 556 304 Capituli
583 254 752 301 generalis
781 256 857 290 dicti
887 255 1011 290 ordinis
1039 255 1279 295 iurisdictione,
1310 253 1531 295 subiectione,
1561 259 1593 287 et
1621 254 1765 288 dominio
1785 266 1922 301 prorsus
1950 266 2040 288 exe-

190 321 306 351 mimus
335 320 530 352 auctoritate
559 321 591 350 et
620 317 823 362 plenitudine
852 315 1061 362 supradictis.
1109 314 1148 349 Et
1177 314 1298 348 deinde
1327 314 1367 348 de
1397 325 1538 360 persona
1568 315 1769 349 venerabilis
1798 316 1910 350 fratris
1938 319 2040 350 nostri

188 378 351 412 joliannis
381 377 534 423 Episcopi
562 376 817 410 Luchomusleu.
855 381 931 410 tunc
968 375 1109 409 Abbatis
1137 374 1331 409 Monasterii
1361 375 1484 408 Lucen.
1515 374 1639 409 ordinis
1668 380 1700 408 ct
1728 375 1923 410 olomucen.
1953 376 2040 410 dioc.

192 439 412 484 predictorum
442 437 550 471 eidem
580 438 727 472 ecclesie
756 436 1009 471 Luchomuslen.
1039 436 1079 469 de
1108 436 1330 481 predictorum
1361 435 1496 469 fratrum
1518 436 1657 469 consilio
1678 440 1875 470 auctoritate
1895 438 2041 483 predicta

192 498 406 544 providimus,
436 501 608 543 ipsumque
637 497 680 531 illi
710 496 910 543 prefecimus
947 500 976 530 in
1006 495 1207 542 Episcopum
1238 502 1267 530 e}
1300 496 1470 530 Pastorem
1508 507 1622 530 curam
1657 501 1688 530 et
1726 496 2041 532 administrationem

192 562 290 604 ipsius
318 557 573 592 Luchoinuslen.
604 557 757 592 Ecclesie
785 557 846 591 sibi
876 560 907 590 in
937 556 1171 602 temporalibus
1200 561 1233 590 et
1261 556 1486 602 spiritualibus
1516 556 1763 599 committendo,
1801 561 1896 603 prout
1927 561 1958 591 in
1988 558 2042 591 di-

193 621 297 652 versi:
327 620 448 652 nostris
478 618 552 651 'nde
576 617 740 652 confectis
767 617 883 650 litteris
913 617 1049 662 plenius.
1081 616 1122 650 El
1150 617 1391 664 subsequenter
1414 617 1569 652 volentes
1598 630 1632 652 ιιι
1660 618 1766 651 eidem
1788 617 2040 652 Luchomuslen.

195 679 347 712 Ecclesie
375 683 465 712 certa
496 690 573 724 pars
603 678 642 712 dc
672 678 766 712 dictis
786 678 930 721 Pragen.
953 682 984 711 et
1005 678 1199 712 Olomucen.
1223 679 1307 712 dioc.
1330 678 1487 712 adiacens
1516 678 1622 712 eidem
1651 681 1752 712 certis
1782 678 1900 712 linibus
1920 680 2042 713 (listin-

192 739 323 784 guenda
366 742 597 783 assignaretur
638 742 729 772 iuxta
776 741 998 772 intencionem
1035 743 1180 772 nostram
1218 738 1401 773 huiusmodi
1445 738 1574 772 dilectis
1617 738 1689 772 liliis
1729 738 1969 773 Brewvanien.
2013 745 2044 773 et

196 800 417 834 Wisswicen.
439 799 716 833 Monasteriorum
739 798 923 833 Abbatibus
955 799 1095 843 Pragen.
1117 804 1147 832 et
1168 798 1365 832 Olomucen.
1396 799 1480 833 dioc.
1513 798 1734 844 predictarum
1763 810 1803 832 ac
1833 826 1840 833 .
1869 828 1874 832 .
1907 800 2042 833 Decano

194 862 339 894 ecclesie
368 864 512 894 omnium
541 864 730 893 sanctorum
761 862 792 893 in
823 859 940 893 Castro
962 859 1104 903 Pragen.
1137 871 1197 905 per
1226 860 1306 893 alias
1334 864 1468 894 nostras
1489 861 1615 893 litteras
1639 862 1864 894 commisimus
1895 864 1927 893 et
1946 872 2044 894 man-

193 922 345 954 davimus
376 925 406 953 ut
436 923 494 965 Ips³
525 920 577 953 ve!
609 920 672 953 uuo
703 931 816 953 eorum
847 920 886 953 ad
915 924 1027 966 partes
1052 919 1123 953 illas
1144 921 1363 965 personaliter
1383 920 1598 961 aecedentes,
1627 923 1757 954 vocatis
1778 921 2044 967 Archiepiscopo

196 982 335 1025 l'ragen.
367 991 404 1013 ac
434 979 628 1013 Olomucen.
660 984 692 1013 et
720 979 966 1013 Lutliomuslen.
996 979 1172 1026 Episcopis
1201 981 1401 1027 supradictis
1427 986 1458 1015 et
1487 981 1613 1014 dilectis
1643 980 1715 1014 liliis
1745 984 1890 1027 ipsarum
1915 981 2042 1015 Eccle—

194 1052 314 1075 starum
345 1040 504 1086 Capitulis
534 1044 566 1073 et
601 1041 684 1078 aliis.
723 1044 774 1086 qu}
815 1041 955 1074 vocandi
991 1041 1098 1074 l'orent
1136 1041 1175 1074 de
1213 1041 1361 1087 predicta
1401 1047 1492 1076 certa
1524 1046 1617 1087 parte
1647 1053 1691 1077 ex
1720 1042 1814 1076 dictis
1839 1042 1981 1087 Pragen.
2012 1047 2046 1076 et

196 1101 390 1135 Olomucen.
422 1101 506 1135 dioc.
538 1101 644 1134 eidem
675 1100 930 1135 Luclioniuslen.
956 1100 1112 1134 Ecclesie
1141 1101 1350 1135 adiacentem
1381 1105 1482 1136 certis
1511 1103 1632 1137 linibus
1653 1109 1685 1137 ut
1704 1106 1900 1149 premittitur
1923 1104 2046 1137 distin-

195 1162 337 1199 guenda.
368 1166 400 1195 et
429 1161 549 1195 deinde
578 1161 664 1195 dicte
689 1161 942 1195 Lucliomuslen.
969 1162 1183 1205 assignanda.
1213 1173 1276 1195 nec
1304 1173 1371 1196 non
1400 1163 1441 1196 de
1472 1164 1627 1197 ecclesiis
1657 1164 1870 1208 dignitatibus
1899 1175 1938 1197 ac
1964 1174 2046 1209 per-

195 1222 362 1256 sonatibus
392 1227 422 1255 ei
451 1221 568 1255 officiis
599 1234 637 1256 ac
659 1222 728 1256 aliis
755 1222 925 1256 beneficiis
951 1222 1201 1258 ecclesiasticis.
1228 1233 1291 1267 que
1319 1225 1350 1255 in
1372 1227 1465 1268 parte
1485 1223 1633 1268 predicta
1656 1224 1762 1257 eidem
1789 1224 2043 1258 Lucliomuslen.

198 1282 350 1316 Ecclesie
380 1287 414 1316 ut
438 1285 635 1328 premittitur
659 1283 862 1327 assignanda
887 1286 1122 1325 consisterent,
1153 1294 1190 1316 ac
1220 1282 1260 1315 de
1293 1285 1439 1328 ipsorum
1473 1283 1588 1316 valore
1621 1289 1651 1317 et
1680 1287 1937 1318 circumstantiis
1967 1288 2047 1319 uni-

200 1346 307 1377 xersis
333 1355 372 1377 ac
395 1343 547 1377 omnibus
582 1348 613 1377 ct
643 1343 781 1388 singulis
814 1344 884 1376 aliis
919 1355 981 1388 que
1011 1348 1127 1377 essent
1150 1346 1182 1376 in
1209 1342 1327 1376 talibus
1356 1343 1554 1377 attendenda
1575 1347 1663 1377 omni
1684 1345 1853 1389 diligentia
1875 1350 1908 1378 et
1928 1346 2046 1379 solici-

198 1404 310 1438 tudine
340 1403 505 1445 adhibitis„
543 1414 605 1448 que
639 1415 740 1450 super
773 1403 832 1437 hiis
865 1403 1051 1438 adliibende
1088 1404 1197 1438 forent
1227 1415 1264 1437 se
1293 1407 1493 1438 auctoritate
1524 1409 1638 1438 nostra
1668 1404 1848 1439 informare
1878 1410 2046 1445 curarent,

196 1470 227 1498 ct
257 1475 321 1509 que
351 1475 410 1510 per
438 1462 703 1497 informationem
743 1463 928 1497 huiusmodi
965 1467 1150 1510 reperirent
1187 1464 1260 1498 fore
1298 1465 1385 1499 utilia
1422 1470 1454 1498 et
1484 1465 1635 1500 decentia
1670 1477 1730 1512 pro
1759 1469 1988 1511 assignatione
2017 1471 2048 1500 et

198 1526 388 1559 distintione
418 1524 603 1558 huiusmodi
633 1524 795 1558 faciendis
825 1536 885 1571 per
912 1529 1161 1559 instrumentum
1192 1525 1357 1571 publicum
1386 1525 1439 1560 vel
1469 1537 1584 1560 eornm
1613 1527 1739 1560 litteras
1764 1530 1910 1572 ipsorum
1931 1528 2048 1572 sigillis

200 1588 339 1619 triunitas
375 1585 596 1631 predictarum
632 1586 813 1620 litterarum
849 1590 1037 1620 nostrarum
1077 1590 1125 1620 eis
1155 1587 1354 1620 directarum
1384 1590 1506 1621 seriem
1536 1591 1746 1621 continentes
1782 1588 1871 1621 clare
1908 1588 2049 1622 dilucide

200 1651 231 1679 et
262 1650 375 1692 aperte
405 1646 499 1680 nobis
529 1651 559 1680 et
591 1647 738 1692 predicte
775 1646 845 1680 sedi
881 1652 1035 1681 curarent
1073 1651 1269 1693 quantocius
1299 1648 1440 1681 lideliter
1468 1650 1620 1682 intimare
1656 1653 1688 1681 ut
1725 1660 1824 1694 super
1859 1649 1921 1682 hiis
1958 1654 2048 1683 certa

202 1711 231 1738 vt
268 1706 447 1740 indubitata
485 1706 718 1740 informatione
757 1712 910 1752 suscepta:
957 1708 995 1741 ad
1035 1708 1216 1753 predictam
1259 1713 1384 1754 partem
1415 1709 1519 1742 eidem
1550 1708 1803 1743 Lucl1011111sle11.
1834 1709 1989 1743 Ecclesie
2018 1714 2051 1743 ut

202 1769 396 1812 premittitur
426 1767 664 1811 assignandam
695 1771 726 1799 et
756 1771 851 1801 etiam
882 1768 1145 1813 distinguendam
1186 1769 1337 1803 consulte
1366 1774 1397 1802 et
1428 1770 1583 1803 celeriter
1611 1769 1849 1815 procederetur
1879 1782 1938 1816 per
1965 1781 2048 1816 pro-

203 1827 379 1861 videntiam
417 1827 503 1860 dicte
539 1828 626 1861 sedis
665 1833 759 1872 prout
789 1831 819 1861 in
852 1832 976 1862 nostris
1014 1830 1131 1863 litteris
1164 1830 1240 1863 inde
1275 1830 1436 1863 confectis
1473 1830 1603 1876 plenius
1642 1833 1840 1864 continetur.
1896 1831 1937 1864 Et
1973 1832 2049 1865 licet

202 1887 317 1933 prefati
348 1887 586 1921 Brewvanien.
618 1893 650 1921 et.
678 1888 900 1923 Wisswicen.
959 1890 1108 1924 Alibates
1139 1896 1171 1924 et
1200 1891 1355 1924 Decanus
1393 1891 1578 1936 aliquandiu
1608 1894 1640 1924 in
1670 1891 1855 1925 huiusmodi
1884 1892 2050 1925 informa-

203 1951 297 1982 tionis
338 1951 472 1992 negotio
510 1951 766 1994 processissent7
807 1953 913 1984 tamen
951 1962 995 1984 ex
1029 1962 1191 1996 processu
1228 1951 1413 1985 huiusmodi
1443 1951 1548 1985 nullus
1578 1952 1635 1985 suit
1664 1957 1868 1987 consecutus
1897 1953 2047 1988 effectus.

204 2008 457 2054 Subsequenter
485 2014 593 2043 autem
624 2009 806 2046 venerabili
836 2010 938 2044 fratre
968 2016 1081 2045 nostro
1110 2011 1262 2045 Joliannc
1293 2011 1487 2045 Olomucen.
1519 2017 1550 2045 et
1570 2013 1719 2058 predicto
1739 2013 1893 2047 Jolianne
1912 2013 2051 2048 Lucho—

204 2070 342 2104 muslen.
373 2069 552 2115 Episcopis
583 2081 622 2102 ac
651 2069 877 2104 Ecclesiarum
906 2072 1129 2117 predictarum
1151 2072 1301 2118 Capituli.
1337 2073 1601 2117 significantibus
1630 2073 1738 2116 nobis,
1769 2074 1854 2120 quod
1884 2075 1962 2108 licet
1989 2078 2050 2121 ipsi

203 2142 302 2176 super
332 2130 515 2165 huiusmodi
546 2134 641 2176 parte
669 2130 709 2164 de
737 2131 866 2177 prefata
897 2131 1094 2167 Olomucen.
1125 2133 1250 2167 diocesi
1280 2133 1367 2166 dicte
1396 2132 1653 2167 Luchomuslen.
1684 2133 1841 2168 Ecclesie
1878 2146 1939 2181 pro
1973 2135 2050 2169 dio-

204 2195 272 2224 cesi
303 2192 505 2236 assignanda
535 2195 745 2236 nequiverint
774 2191 934 2225 hactenus
964 2194 1183 2235 concordare,
1212 2198 1329 2239 postea
1358 2197 1467 2226 tamen
1490 2196 1735 2228 interveniente
1756 2195 1906 2240 predicto
1926 2195 2050 2229 Karolo

206 2252 299 2296 Rege
329 2263 430 2298 super
457 2252 519 2286 hiis
548 2252 734 2286 concordes
773 2258 867 2286 erant
905 2253 1025 2287 effecti.
1064 2258 1096 2287 et
1124 2265 1188 2288 una
1219 2265 1291 2287 cum
1322 2254 1438 2287 eodem
1468 2254 1737 2300 Arcbiepiscopo
1766 2255 1861 2289 nobis
1889 2258 2052 2290 instanter

204 2317 236 2345 et
265 2312 427 2346 humiliter
461 2312 735 2358 supplicantibus„
765 2318 800 2347 ut
828 2313 866 2346 d-
896 2313 1150 2348 Luclioinuslen.
1180 2314 1336 2348 Ecclesie
1364 2325 1423 2360 pro
1452 2315 1579 2349 diocesi
1607 2315 1738 2350 Clerum
1767 2321 1799 2350 et
1826 2317 1980 2362 populum
2011 2327 2051 2350 ac

204 2372 383 2406 ‹fenobium
422 2378 453 2406 et
489 2376 621 2418 triginta
657 2374 866 2420 parochiales
906 2375 1069 2408 ecclesias
1108 2377 1138 2408 in
1170 2374 1433 2419 Scliornbergen.
1473 2379 1504 2409 et
1539 2379 1571 2409 in
1607 2375 1792 2410 Husonien.
1823 2376 2051 2411 Decanatibus

204 2433 368 2467 ruralibus
397 2436 427 2467 ir:
461 2433 742 2468 Archidiaconatu
773 2434 967 2468 Olomucen.
998 2438 1126 2468 situatis
1155 2438 1370 2469 consistentia
1401 2435 1486 2469 dicte
1507 2437 1702 2470 Olomucen.
1730 2437 1875 2471 diocesis
1894 2437 2053 2472 videlicet

206 2493 387 2527 Cenobium
417 2493 552 2528 fratrum
580 2495 706 2528 ordinis
736 2498 842 2528 sancti
865 2495 1048 2537 Benedicti,
1079 2495 1164 2541 quod
1195 2495 1378 2539 vulgariter
1409 2496 1526 2530 dicitur
1554 2498 1779 2531 claustrellum
1809 2509 1850 2530 ac
1878 2500 1911 2531 in
1931 2499 2052 2532 lutwi-

205 2554 313 2588 ciuilla
343 2554 466 2588 detintz
495 2554 698 2589 Schonwald
741 2556 890 2589 zackicel
920 2557 1102 2602 Altuslapis
1132 2555 1321 2589 Adolfivilla
1352 2555 1559 2591 Schiltbercli
1590 2557 1851 2603 Scriptorisvilla
1882 2557 2056 2592 Odendorf

1854 2629 1866 2652 ῖ
