2206 2735
1118 69 1189 103 183

232 187 352 217 riorum
382 183 614 228 Pragensium,
645 183 830 227 Sexaginta
860 187 999 229 quatuor
1025 193 1165 227 grossos
1192 193 1252 228 pro
1281 193 1391 216 marca
1421 182 1564 227 qualibet
1592 184 1815 229 conputando.v
1841 185 1955 229 legare
1985 189 2080 229 atque

231 248 358 278 testare
387 247 503 290 possit.
547 248 642 290 prout
680 242 741 276 sibi
784 243 943 289 placuerit
984 247 1016 276 et
1051 246 1156 276 visum
1187 242 1283 276 fuerit
1323 243 1484 288 expedire
1523 256 1540 277 a
1570 243 1665 278 nobis
1696 249 1725 278 et
1756 256 1772 277 a
1804 248 1925 279 nostris
1954 246 2079 291 prede—

234 304 426 339 cessoribus
456 304 552 351 plena
580 308 611 337 et
641 303 743 338 libera
773 306 814 337 sit
843 302 994 337 attributa
1023 301 1189 346 Facultas9
1219 313 1278 349 pro
1308 302 1425 348 quibus
1455 304 1584 350 quidem
1621 304 1742 338 Marcis
1765 306 1845 339 duas
1874 305 1970 339 villas
2001 317 2079 340 suas

235 366 389 399 videlicet
420 364 545 398 Sahors
574 368 606 397 et
636 363 848 398 Dobeschaw
877 366 908 396 in
937 361 1052 408 quibus
1082 366 1198 408 viginti
1227 374 1410 397 marcarum
1440 364 1588 399 redditus
1618 364 1742 398 habere
1768 366 1959 409 dinoscitur,
1981 367 2079 407 elegit

232 430 331 471 atque
361 426 527 471 deputauit
555 436 614 470 per
644 425 730 458 illum
759 424 814 458 vel
841 424 925 469 illos7
955 426 1008 457 cui
1035 424 1090 458 vel
1119 423 1235 469 quibus
1265 423 1369 458 dictos
1398 424 1557 458 Redditus
1591 425 1798 471 deputauerit
1843 430 1940 472 atque
1981 428 2080 472 lega—

233 490 328 529 uerit2
358 497 430 520 cum
460 485 611 519 omnibus
641 490 672 518 et
702 485 840 530 singulis
868 483 1072 528 VtilitatihuS‚
1101 484 1365 519 obuencionibus
1395 490 1428 519 et
1455 485 1614 520 fructibus
1644 489 1824 528 vniuersis.v
1855 487 1934 521 Jure
1963 493 2081 533 patro-

234 553 329 581 natus
358 546 514 580 Ecclesie
543 548 575 579 111
605 545 732 580 Sahors
760 545 929 579 dumtaxat
958 545 1108 582 excluso.
1145 546 1338 589 tenendum,
1376 545 1572 589 habendum,
1603 546 1825 581 vtifruendum
1853 552 1884 581 et
1911 551 2080 594 perpetuis

233 607 438 653 temporibus
481 606 730 652 possidendum.
774 605 878 650 Igitur
920 608 989 651 ipsa
1030 608 1175 650 genitrix
1217 611 1329 640 nostra
1372 607 1504 650 dilecta,
1549 611 1686 653 cupiens
1729 608 1874 642 humane
1915 608 2081 653 fragilitati

231 668 381 701 obuiare.
414 667 503 701 Sana
533 671 642 700 mente
673 670 704 700 et
731 676 873 712 corpore
902 670 1000 710 atque
1028 677 1162 712 compos
1191 666 1372 710 Raci011is,.
1392 667 1505 702 vltime
1535 679 1595 702 sue
1616 669 1796 702 voluntatis
1823 669 2080 715 disposicionem

232 729 322 770 fecit„
366 728 490 772 legauit
531 732 628 772 atque
671 726 828 772 disposuit
869 728 901 760 in
944 725 1030 760 hunc
1070 727 1213 760 modum.
1251 727 1289 761 In
1319 731 1429 773 primis
1460 729 1621 773 siquidem
1652 729 1965 763 Sanctimonialibus
1995 731 2082 764 Aule

233 794 351 823 sancte
380 787 484 822 Marie
514 791 544 821 in
575 789 721 833 Antiqua
750 786 861 820 Bruna
901 789 1045 833 quinque
1087 799 1217 822 marcas
1259 788 1408 822 redditus
1451 800 1509 834 pro
1548 793 1780 824 anniuersario
1809 789 1871 824 sibi
1900 795 1931 823 et
1959 794 2081 825 nostris

231 848 529 895 predecessoribus
565 853 727 894 perpetuo
770 847 973 893 peragendO.
1016 847 1096 882 Item
1139 847 1294 882 Ecclesie
1332 849 1533 895 parrochiali
1572 853 1602 883 in
1642 850 1769 884 Sabors
1806 850 1954 896 predicte
1983 862 2081 885 vnam

233 921 377 944 marcam
406 909 529 943 reditus
566 919 625 954 pro
659 908 781 942 lumine
817 912 988 954 perpetuo.
1036 908 1118 943 Item
1147 912 1178 943 in
1208 908 1319 943 Bruna
1348 909 1387 943 ad
1419 910 1578 944 Sanctum
1609 910 1739 944 Petrum
1769 911 1953 956 Collegiate
1981 916 2013 945 et
2042 913 2080 945 ad

233 975 384 1005 sanctum
413 968 574 1003 Jacobum
604 968 802 1014 parrochiali
831 968 994 1003 Ecclesiis
1022 968 1062 1003 ad
1090 980 1190 1003 vnam
1219 980 1385 1015 quamque
1412 970 1602 1004 Ecclesiam
1639 972 1780 1005 mediam
1819 983 1964 1006 marcam
2000 972 2082 1005 red-

234 1031 332 1072 ditus*
375 1029 554 1074 Religiosis
597 1028 753 1062 fratribus
795 1026 975 1063 Minoribus
1016 1029 1155 1063 mediam
1197 1041 1343 1064 marcam
1388 1034 1421 1064 et
1462 1030 1733 1065 Predicatoribus
1767 1032 1906 1066 inediam
1936 1044 2081 1067 marcam

235 1091 392 1125 redditus.
423 1090 504 1124 Item
533 1092 565 1123 in
595 1088 719 1133 {glauia
748 1088 929 1123 Minoribus
959 1090 1098 1124 mediam
1127 1095 1160 1124 et
1186 1090 1456 1125 Predicatoribus
1485 1091 1644 1126 fratribus
1674 1093 1812 1127 mediam
1835 1105 1978 1127 marcam
2000 1094 2082 1128 red-

234 1151 332 1193 ditus,
372 1155 406 1184 vt
442 1150 538 1184 deum
577 1152 698 1194 iugiter
734 1161 793 1196 pro
836 1152 941 1196 ipsius
984 1155 1163 1197 nostroque
1204 1152 1485 1197 predecessorum
1516 1155 1699 1187 animarum
1737 1154 1852 1188 Salute
1890 1159 2081 1189 exorarent.

236 1213 394 1258 Reliquas
422 1222 505 1245 vero
534 1211 689 1244 vndecim
732 1221 862 1244 marcas
904 1211 1051 1246 redditus
1091 1223 1151 1258 pro
1193 1223 1231 1246 se
1258 1215 1289 1246 in
1319 1217 1490 1258 posterum
1520 1213 1672 1257 legandis
1702 1219 1798 1259 atque
1827 1215 2000 1258 testandis.
2030 1218 2083 1249 cui

236 1274 288 1306 vel
319 1272 434 1318 quibus
463 1271 523 1305 sibi
551 1272 723 1316 placuerit,
752 1275 950 1305 reseruauit.
980 1271 1047 1306 Nos
1075 1284 1158 1306 vero
1187 1272 1274 1306 dicte
1301 1275 1476 1317 genitricis
1506 1278 1619 1307 nostre
1649 1275 1818 1320 precibus.
1848 1280 1962 1321 vtpote
1988 1279 2083 1309 iustis

235 1334 329 1367 nobis
359 1332 501 1366 feruenti
530 1330 695 1365 desiderio
725 1331 862 1377 proinde
890 1335 1064 1378 porrectis,
1084 1332 1248 1367 humiliter
1268 1334 1426 1375 inclinati3
1458 1333 1625 1379 predictas
1655 1335 1848 1379 legaciones
1879 1341 1978 1382 atque
2008 1336 2083 1371 dis-

235 1396 452 1440 posicionem.
493 1403 552 1438 per
591 1395 696 1438 ipsam
734 1397 769 1426 vt
804 1396 1001 1438 premittitur
1037 1395 1098 1428 rite
1126 1398 1158 1428 et
1185 1393 1435 1428 racionabiliter
1464 1393 1572 1427 factas
1602 1399 1634 1428 et
1664 1397 1867 1441 inposterum
1897 1395 2081 1431 faciendas.

235 1454 448 1495 ratificamus,
479 1452 704 1499 approbamus
733 1457 765 1486 et
792 1457 957 1499 presentis
997 1458 1111 1502 scripti
1152 1458 1334 1502 patrocinio
1377 1455 1614 1489 confirmamus
1657 1467 1716 1502 pro
1759 1457 1864 1490 nobis.
1907 1457 2084 1493 heredibus

234 1520 265 1549 et
287 1513 542 1548 successoribus
563 1515 686 1547 nostris
706 1513 792 1547 bona
812 1518 845 1547 et
865 1516 996 1549 sincera
1017 1520 1127 1550 nostra
1148 1515 1224 1558 fide,
1246 1518 1319 1549 sine
1339 1515 1427 1559 dolo⁷
1451 1519 1693 1561 promittentes.
1715 1517 1802 1551 illum
1832 1519 1886 1552 vel
1915 1519 2000 1561 illos,
2031 1523 2083 1554 cui

235 1576 287 1609 vel
316 1574 433 1620 quibus
463 1573 570 1607 dictos
599 1573 749 1607 redditus
778 1574 901 1619 legauit
928 1586 988 1609 seu
1017 1576 1176 1623 disposuit
1205 1581 1260 1611 aut
1289 1577 1452 1621 legauerit
1488 1579 1521 1609 in
1555 1575 1710 1619 futurum,
1731 1588 1847 1611 omnes
1868 1583 1901 1611 et
1921 1579 2083 1623 singulos.

236 1639 462 1681 cuiuscunque
491 1646 606 1668 sexus.
637 1639 739 1669 status
768 1639 823 1668 aut
851 1635 1058 1672 condicionis
1086 1641 1243 1681 existant,
1274 1640 1305 1671 in
1334 1640 1559 1683 percepcione
1596 1638 1756 1671 dictorum
1795 1638 1955 1672 bonorum
1985 1645 2085 1685 atque

238 1700 457 1742 prouentuum
487 1695 574 1729 villis
605 1698 636 1729 in
667 1695 824 1742 predictis
853 1707 919 1730 non
948 1698 1126 1743 impedire,
1157 1699 1214 1733 sed
1244 1698 1332 1732 illum
1362 1697 1417 1731 vel
1446 1698 1519 1731 illos
1550 1703 1581 1731 et
1606 1699 1799 1744 specialiter
1827 1710 1901 1733 eum
1930 1701 1984 1734 vel
2013 1711 2084 1734 eos.

237 1760 288 1790 cui
332 1757 386 1789 vel
428 1756 545 1801 quibus
588 1759 832 1790 execucionem
866 1761 1056 1792 testamenti
1093 1758 1279 1793 huiusmodi
1313 1757 1501 1792 faciendam
1532 1761 1707 1801 commisit,
1738 1762 1809 1793 siue
1839 1759 2002 1805 Religiosi
2031 1767 2085 1795 aut

237 1817 417 1851 Seculares
447 1827 591 1862 persone
621 1820 777 1859 existant„
807 1820 923 1863 pocius
952 1829 1150 1864 promouere
1179 1820 1332 1854 volumus
1362 1823 1394 1852 et
1422 1818 1564 1852 fideliter
1593 1818 1782 1853 defensare.
1829 1819 1943 1864 Nobis,
1982 1821 2086 1856 here-

237 1877 332 1911 dibus
361 1882 392 1911 et
423 1877 686 1912 Successoribus
715 1880 837 1912 nostris
865 1878 996 1924 plenam
1017 1884 1049 1913 et
1068 1879 1290 1914 omnimodam
1320 1879 1427 1913 dictas
1455 1879 1552 1913 villas
1580 1891 1639 1926 pro
1660 1880 1809 1914 ducentis
1830 1880 1953 1916 Marcis
1981 1893 2086 1927 gros-

236 1949 348 1972 sorum
391 1937 602 1972 denariorum
644 1939 866 1985 predictorum
912 1940 1108 1984 exsoluere‚
1151 1941 1226 1975 dum
1268 1940 1365 1974 nobis
1408 1941 1581 1986 placuerit,
1622 1951 1834 1975 reseruamus
1876 1946 2084 1987 potestatem.

237 1999 360 2033 Harum
391 2003 578 2032 nostrarum
615 2002 804 2033 testimonio
840 2001 1018 2044 literarum,
1055 2001 1171 2047 quibus
1207 2002 1358 2046 Sigillum
1400 2005 1547 2035 nostrum
1578 2012 1652 2035 cum
1682 2001 1806 2046 Sigillis
1835 2001 2000 2037 Nobilium
2028 2008 2086 2038 vi-

238 2070 349 2093 rorum
380 2059 584 2092 dominorum
616 2058 751 2093 Henrici
779 2059 920 2095 Juvenis
950 2061 991 2094 de
1018 2060 1109 2107 Lipa,
1137 2062 1291 2097 Jesconis
1332 2062 1373 2096 de
1411 2061 1647 2108 ffirkensteyn,
1677 2067 1866 2109 patruorum
1896 2068 2085 2099 nostrorum

240 2120 447 2162 dilectorunn
477 2130 540 2152 nec
575 2130 640 2153 uon
679 2119 895 2154 Strenuorum
930 2124 1076 2155 virorum
1113 2122 1319 2157 dominorum
1356 2122 1519 2156 Hinconis
1567 2122 1608 2156 de
1636 2122 1823 2168 Plezzings.
1854 2123 2016 2170 Epikonis
2045 2125 2086 2158 de

242 2180 388 2214 Hradelz.
419 2179 591 2214 Pesconis.
624 2180 821 2225 Burggrauii
855 2183 888 2215 in
928 2181 1064 2228 Lipnicz
1099 2187 1131 2216 et
1163 2182 1375 2217 Marschonis
1411 2182 1487 2216 dicti
1518 2183 1621 2229 Spina
1650 2183 1691 2218 de
1720 2184 1914 2228 Schonlind.
1943 2185 2084 2219 fidelium

239 2246 428 2275 nostrorum
471 2241 665 2275 dilectorum
709 2241 747 2275 ad
790 2244 985 2276 instantiuas
1025 2253 1143 2289 preces
1184 2247 1316 2278 nostras
1358 2246 1391 2277 in
1419 2245 1645 2277 testimonium
1673 2248 1749 2278 sunt
1776 2255 1934 2290 appensa.
1968 2245 2084 2280 Datum

240 2301 349 2335 Brode
378 2301 606 2335 Theutunicali
645 2301 696 2335 die
733 2301 830 2335 beate
863 2300 964 2335 Lucie
998 2305 1138 2348 virginis
1176 2304 1278 2337 Anno
1312 2303 1435 2337 domini
1468 2302 1647 2338 Millesimo
1684 2305 1939 2340 Trecentesimo
1977 2305 2086 2347 Quin-

241 2365 436 2406 quagesimo
465 2365 580 2396 tercio.

547 2421 642 2459 [orig.
667 2424 751 2457 Perg.
777 2424 792 2448 6
818 2423 902 2457 hang.
926 2424 982 2457 Sig.
1007 2425 1044 2450 im
1066 2425 1191 2451 Archive
1216 2426 1266 2451 des
1289 2426 1422 2452 Klosters
1438 2427 1532 2452 Maria
1558 2427 1627 2452 Saal
1643 2427 1679 2452 im
1697 2427 1960 2454 Laudes-Archive
1974 2429 2087 2463 Lit.A.¹

654 2475 702 2501 Νη.
727 2475 775 2500 57.
801 2491 839 2494 -
866 2477 926 2501 Das
951 2475 1029 2510 Sigei
1051 2477 1101 2503 des
1125 2463 1230 2505 Cenek
1253 2486 1279 2504 v.
1302 2478 1378 2511 Lipai
1401 2479 1436 2504 ist
1460 2478 1487 2505 in
1513 2479 1611 2505 rothes
1638 2479 1744 2505 NVachs
1769 2480 1924 2513 gedrtickt;
1958 2481 2009 2506 das
2037 2482 2086 2506 des

655 2527 759 2562 Hynek
792 2536 816 2553 v.
848 2527 999 2562 Plezziugs
1029 2529 1105 2563 zeigt
1134 2529 1172 2554 im
1201 2528 1316 2555 Sehilde
1346 2530 1430 2555 einen
1464 2530 1561 2562 Adler,
1593 2531 1644 2556 das
1673 2531 1723 2557 des
1755 2531 1848 2557 Mares
1880 2541 1906 2557 v.
1932 2532 2085 2558 Schonlind

654 2579 740 2604 einen
763 2578 839 2605 51101-
864 2579 913 2604 mit
937 2580 987 2605 der
1011 2579 1184 2607 Umschrift:
1209 2580 1236 2607 S.
1261 2582 1404 2608 Marsonis
1427 2583 1462 2608 de
1487 2583 1605 2609 Krasue
1629 2582 1731 2618 Lipys)
