2206 2735
1032 59 1077 93 72

120 176 288 207 carissimi
318 176 346 206 iu
377 172 508 204 Flu-istu
539 171 592 204 titii
623 173 726 205 nostri
759 171 869 204 li'aroli
902 171 1125 205 Romanorum
1166 178 1196 206 et
1236 172 1372 207 Boemie
1410 174 1514 219 Regis
1548 174 1687 208 lllustris
1724 185 1785 221 pro
1821 180 1852 209 te
1889 175 1984 210 nobis

123 244 225 280 super
254 233 314 265 hoe
345 231 511 264 humiliter
540 231 758 277 supplicantis
791 234 933 275 gratiam
965 232 1078 266 facere
1108 234 1303 279 specialem„
1334 233 1574 269 Canonicatum
1604 234 1751 270 ecclesie
1771 238 1876 270 sancti
1897 236 1986 270 Petri

125 295 291 328 ltrunneu.
323 291 519 325 (llomucen.
551 291 697 325 diocesis
727 303 800 325 cum
831 292 1034 339 plenitudine
1064 296 1142 327 iuris
1171 297 1322 328 canonici
1360 296 1543 340 apostolica
1579 295 1634 329 tibi
1669 299 1865 330 auctoritate
1900 307 1987 331 con—

123 355 257 387 t'eriums
287 356 319 384 et
349 351 390 384 de
421 351 475 385 illo
505 355 601 385 etiam
632 352 858 397 providemus.
890 353 1092 399 prebendam
1124 365 1206 388 vero
1243 358 1268 388 si
1307 366 1369 401 qua
1406 358 1437 389 in
1475 356 1593 390 eadem
1632 357 1776 391 ccclesia
1815 361 1913 391 vacat
1946 357 1986 390 ad

122 424 262 459 presens
294 412 345 445 vel
376 423 450 446 cum
482 416 664 446 vacaverit.
695 424 790 459 quam
823 419 852 446 tu
884 426 942 460 per
973 420 1003 448 tc
1034 415 1086 448 vet
1119 421 1367 460 prm-uratorem
1399 421 1489 450 tuum
1518 417 1557 450 ad
1587 416 1650 451 hoc
1678 417 1826 462 legitime
1855 420 1987 452 consti-

123 479 222 507 tutum
253 473 337 506 iufra
368 477 465 506 unius
496 476 619 506 mensis
649 477 789 519 spatium
820 479 993 520 postquam
1026 475 1080 509 tibi
1112 477 1164 509 vel
1201 476 1308 511 eidem
1348 479 1553 523 procuratori
1590 480 1722 511 vacatio
1760 475 1847 512 illius
1884 480 1987 512 inno-

124 537 218 567 tuerit
255 533 393 567 duxeris
432 534 681 580 acceptantlam.
719 534 958 569 conferendam
998 537 1051 569 tibi
1093 541 1164 582 post
1202 541 1465 584 acceptationem
1504 537 1687 572 huiusmodi
1725 550 1798 573 cum
1835 538 1989 572 omuibus

125 593 248 628 iuribus
277 598 308 626 et
339 597 545 639 pertiuentiis
575 597 643 627 suis
674 595 842 629 d‹mationi
872 597 1057 642 apostolice
1086 608 1314 632 reservamus.
1345 597 1762 633 districtiusinhibentes.
1786 627 1792 633 .
1816 599 1988 646 Episcopo

125 656 319 688 olomucen.
350 658 403 698 qui
434 660 481 687 est
514 666 572 701 pro
603 660 751 702 tempore
789 661 819 689 et
858 656 987 691 dilectis
1023 658 1094 691 liliis
1130 658 1279 704 Capitulo
1315 663 1417 705 ipsius
1448 659 1595 693 ecclesie
1624 670 1663 692 ac
1693 660 1736 693 illi
1770 660 1823 694 vel
1852 660 1913 694 illis
1948 660 1987 693 ad

125 727 222 760 quem
252 716 305 749 xcl
337 716 376 750 ad
406 728 488 762 quos
519 719 548 749 in
579 716 694 750 exulem
726 717 871 751 ecclesia
902 718 1147 764 prebendarum
1178 720 1311 753 collatio
1341 723 1491 766 provisio
1521 732 1579 754 sen
1619 723 1736 766 quevis
1770 721 1832 755 alia
1868 721 1988 768 dispo-

124 779 200 810 sitio
231 780 372 823 pertinet
401 780 619 811 communiter
649 778 702 811 vel
732 778 876 812 divisim.
908 790 950 812 ne
979 779 1019 812 de
1051 780 1218 825 prebenda
1250 784 1319 826 ipsa
1350 784 1482 815 interim
1504 785 1600 815 etiam
1626 785 1703 815 ante
1724 785 1986 827 acceptationem

125 837 264 871 eandem
296 840 357 870 nisi
389 842 562 883 postquam
593 842 641 872 eis
671 841 857 873 constiterit
888 840 973 884 quod
996 845 1026 873 tu
1049 842 1101 874 vel
1123 847 1321 887 procurator
1342 842 1509 888 predictus
1530 843 1582 876 illa
1605 842 1778 876 nolueritis
1798 846 1988 888 acceptare⁷

125 899 306 944 disponere
335 899 568 944 quoipiomodo
596 904 798 945 presumant.
829 911 867 933 ac
898 900 1120 934 decernentes
1151 913 1285 936 exnunc
1305 905 1429 936 irritum
1460 906 1491 936 et
1511 905 1608 937 inane
1628 905 1656 937 si
1686 914 1786 937 secus
1808 902 1991 949 superbiis

125 971 142 991 a
174 969 336 1004 quoquam
367 961 485 1005 quavis
516 963 713 994 auctoritate
743 963 889 994 scienter
919 961 971 994 vel
1003 963 1197 1006 ignoranter
1227 965 1415 1008 contigeret
1445 966 1644 1010 attemptari.
1678 962 1752 997 Non
1783 962 1991 997 obstantibus

125 1019 167 1052 de
196 1024 288 1052 certo
319 1019 562 1054 Canonicorum
593 1032 731 1055 nurnero
770 1026 802 1054 et
840 1021 1013 1066 quibusvis
1052 1024 1124 1056 aliis
1154 1027 1283 1056 statutis
1313 1029 1345 1057 et
1374 1023 1668 1058 consuetudiniluis
1703 1027 1807 1070 ipsius
1845 1023 1991 1057 ecclesie

127 1083 303 1113 contrariis
335 1084 519 1115 iuramento
550 1083 803 1116 confirmatione
833 1084 1015 1129 apostolica
1045 1084 1099 1117 vel
1130 1095 1340 1130 quacumque
1369 1084 1523 1118 firmitate
1552 1085 1613 1118 alia
1645 1083 1821 1119 roboratis.
1868 1085 1935 1118 Aut
1964 1087 1990 1118 si

127 1141 222 1185 aliqui
254 1142 437 1187 apostolica
469 1143 521 1175 vel
561 1143 622 1176 alia
661 1147 779 1189 quavis
815 1147 1012 1177 auctoritate
1048 1147 1077 1177 in
1118 1145 1233 1178 eadem
1269 1145 1415 1178 ecclesia
1451 1148 1480 1179 in
1517 1144 1707 1179 Canonicos
1750 1148 1816 1179 sint
1852 1148 1990 1191 recepti,

128 1203 180 1236 vel
213 1207 244 1235 ut
276 1205 478 1248 recipiantur
507 1207 670 1238 insistant.
709 1206 776 1238 Seu
807 1208 831 1238 si
872 1216 972 1251 super
1006 1205 1254 1251 provisioniluis
1291 1205 1351 1240 sibi
1386 1205 1548 1240 faciendis
1584 1206 1626 1240 de
1662 1205 1922 1240 Canonicatihus
1959 1211 1991 1239 et

128 1262 306 1309 prebendis
337 1267 367 1296 in
399 1264 483 1298 dicta
514 1265 658 1298 ecclesia
689 1266 852 1311 speciales
883 1266 936 1299 vel
967 1266 1007 1298 de
1045 1265 1219 1299 beneticiis
1254 1267 1495 1301 ecclesiasticis
1533 1269 1563 1300 in
1602 1266 1664 1301 illis
1697 1266 1845 1313 partibus
1880 1277 1992 1311 gene-

126 1324 213 1357 rales
244 1325 429 1369 apostolice
459 1325 549 1358 sedis
580 1326 632 1359 vel
663 1326 845 1371 legatorum
881 1330 951 1361 eius
984 1328 1109 1360 litteras
1140 1330 1354 1373 impetrarint.
1386 1331 1514 1362 etiamsi
1544 1339 1604 1374 per
1624 1339 1681 1361 eas
1701 1327 1740 1362 ad
1764 1327 1990 1361 inhibitionem

126 1388 395 1419 reservationem
425 1391 455 1419 et
486 1387 654 1421 decretum
686 1388 738 1421 vel
769 1388 850 1422 alias
880 1388 1125 1435 quomodolibet
1154 1392 1195 1423 sit
1224 1400 1430 1434 processum,
1460 1389 1579 1435 quibus
1608 1388 1760 1423 omnibus
1782 1393 1991 1435 preterquam

128 1448 325 1479 auctoritate
364 1451 474 1480 nostra
514 1450 544 1481 in
584 1448 728 1482 ecclesia
768 1451 838 1495 ipsa
878 1451 1023 1495 receptis
1061 1450 1114 1483 vel
1153 1449 1340 1495 prebendas
1379 1449 1633 1496 expectantibus
1670 1453 1700 1484 in
1738 1450 1853 1484 eadem
1892 1453 1923 1483 te
1961 1452 1991 1482 iu

128 1509 343 1540 assecutione
374 1507 462 1541 dicte
494 1507 663 1553 prebende
693 1510 846 1543 volumus
876 1510 1045 1544 anteferri.
1079 1515 1130 1544 set
1159 1510 1281 1544 nullum
1311 1521 1372 1556 per
1401 1511 1462 1545 hoc
1491 1514 1540 1544 eis
1570 1521 1634 1557 quo
1668 1511 1707 1544 ad
1742 1512 1990 1544 assecutionem

130 1566 374 1612 prebendarum
405 1573 435 1601 et
467 1568 702 1603 beneficiorum
733 1571 869 1605 aliorum
900 1572 1115 1617 preiudicium
1145 1575 1314 1615 generari.
1346 1572 1412 1605 Seu
1444 1575 1471 1605 si
1501 1572 1626 1606 eisdem
1656 1571 1826 1618 Episcopo
1855 1576 1888 1605 et
1922 1570 1992 1604 Ca-

129 1627 230 1673 pitulo
260 1628 313 1660 vel
343 1627 514 1672 quibusvis
544 1629 616 1663 aliis
645 1634 864 1665 communiter
892 1632 945 1665 vel
977 1632 1108 1667 divisim
1138 1645 1155 1666 a
1186 1632 1272 1666 dicta
1303 1633 1385 1667 sede
1414 1633 1571 1666 indultum
1592 1635 1726 1676 existat,
1756 1632 1842 1678 quod
1863 1631 1902 1665 ad
1932 1643 1991 1665 re-

129 1690 314 1734 ceptionem
347 1690 400 1722 vel
432 1693 658 1737 provisionem
689 1693 826 1727 alicuius
856 1696 988 1727 minime
1017 1698 1193 1728 teneantur
1221 1698 1253 1726 et
1281 1694 1320 1727 ad
1351 1694 1380 1727 id
1411 1694 1563 1740 compelli
1593 1704 1658 1727 non
1688 1696 1817 1740 possint
1838 1691 1992 1739 quodque

131 1749 171 1782 de
202 1749 460 1784 Canonicatibus
490 1757 520 1785 et
550 1752 728 1798 prebendis
759 1757 861 1800 ipsius
890 1755 1034 1788 ecclesie
1064 1767 1102 1789 ac
1131 1756 1203 1789 aliis
1227 1754 1400 1789 beneficiis
1429 1756 1668 1789 ecclesiasticis
1698 1754 1737 1788 ad
1769 1764 1882 1788 eorum
1912 1753 1989 1786 col-

132 1811 286 1843 lationem
318 1814 544 1856 provisionem
576 1825 634 1847 seu
665 1818 817 1860 quamvis
847 1816 942 1849 aliam
973 1816 1223 1862 dispositionem
1253 1819 1455 1851 coniunctim
1484 1816 1538 1850 vel
1558 1817 1737 1862 separatim
1759 1813 1989 1861 spectantibus

130 1871 206 1903 nulli
238 1871 350 1904 valeat
380 1874 547 1917 provideri
578 1886 637 1920 per
666 1875 791 1909 litteras
821 1877 1023 1922 apostolicas
1053 1888 1118 1911 non
1148 1877 1310 1912 facientes
1340 1878 1471 1924 plenam
1493 1881 1523 1911 et
1544 1888 1741 1923 expressam
1763 1887 1802 1910 ac
1823 1875 1864 1909 de
1883 1873 1990 1909 verbo

130 1931 170 1963 ad
202 1931 338 1965 verbum
368 1932 409 1966 de
439 1934 561 1968 imlulto
591 1934 775 1969 huiusmodi
806 1940 1018 1971 mentionem.
1050 1942 1082 1972 et
1110 1938 1253 1984 qualibet
1282 1939 1344 1973 alia
1373 1938 1461 1972 dicte
1489 1938 1579 1973 sedis
1608 1938 1810 1982 indulgentia
1839 1935 1988 1981 generali

131 1991 184 2025 vel
215 1994 352 2037 speciali
382 1997 620 2041 cuiuscumque
650 2000 776 2030 tenoris
805 2001 939 2033 existat.
971 2010 1030 2045 per
1059 2011 1155 2044 quam
1184 1998 1397 2045 presentibus
1428 2010 1492 2032 non
1523 2009 1720 2044 expressam
1759 1997 1812 2031 vel
1847 1995 1988 2030 totaliter

131 2062 197 2085 nou
229 2056 384 2087 insertam
416 2055 553 2089 effectus
582 2055 768 2091 huiusmodi
798 2063 912 2093 nostre
941 2062 1049 2104 gratie
1083 2060 1233 2106 impediri
1270 2060 1381 2094 valeat
1415 2059 1661 2104 quomodolibet
1694 2058 1746 2092 vel
1782 2057 1917 2099 differri„
1955 2061 1989 2090 et

131 2113 172 2146 de
201 2124 263 2158 qua
293 2118 453 2160 cuiusque
483 2120 549 2149 toto
579 2122 695 2152 tenore
726 2118 876 2153 habenda
907 2123 948 2154 sit
976 2123 1008 2154 in
1037 2124 1161 2155 nostris
1192 2122 1309 2155 litteris
1339 2123 1462 2154 mentio
1497 2119 1662 2166 specialis.
1693 2118 1761 2152 Seu
1790 2121 1818 2152 si
1846 2128 1987 2164 presens

128 2184 197 2207 non
227 2174 328 2208 fueris
358 2176 396 2208 ad
427 2177 640 2222 prestandum
671 2179 711 2213 de
740 2179 963 2214 observandis
992 2185 1120 2216 statutis
1149 2186 1181 2216 et
1201 2180 1497 2216 consuetudinibus
1518 2180 1666 2215 eiusdem
1688 2180 1834 2214 ecclesie
1853 2179 1983 2214 solitum

129 2238 360 2269 iuramentum.
391 2237 568 2272 dummodo
598 2242 628 2272 in
658 2239 807 2274 absentia
838 2246 891 2275 tua
922 2253 982 2288 per
1001 2247 1253 2288 procuratorum
1283 2242 1451 2289 ydoneum
1477 2246 1600 2275 etcum
1622 2240 1661 2273 ad
1683 2240 1859 2274 eeclesiam
1880 2242 1984 2285 ipsam

130 2299 321 2329 accesseris
351 2298 570 2343 corporaliter
598 2299 672 2333 illud
703 2305 846 2346 prestes.
879 2302 945 2336 Seu
975 2303 1060 2350 quod
1089 2302 1314 2349 parochialem
1343 2303 1523 2337 ecclesiam
1544 2305 1576 2336 in
1597 2300 1770 2335 Sehezans
1790 2300 1875 2335 dicte
1905 2300 1984 2334 dio-

126 2359 214 2389 cesis
253 2360 406 2391 nosceris
444 2358 606 2394 obtinere.
644 2360 731 2395 Nulli
761 2373 843 2407 ergo
873 2365 933 2397 «cc.
969 2369 1086 2398 nostre
1119 2363 1306 2398 collationis
1343 2365 1544 2410 provisionis
1578 2364 1820 2396 reservationis
1857 2360 1984 2395 inhibi—

128 2419 228 2450 tionis
257 2422 291 2450 et
319 2421 565 2454 constitutionis
595 2420 778 2467 infringere
806 2425 867 2457 dcc.
888 2423 1009 2458 Datum
1030 2425 1201 2459 Avinione
1221 2424 1317 2460 ΧΙΠΙ
1336 2423 1505 2458 Kalendas
1527 2421 1733 2469 Septembris
1753 2422 1854 2456 Anno
1874 2421 1982 2457 Nono.

440 2497 516 2533 (Ans
541 2499 594 2524 den
621 2499 699 2535 Orig.
724 2501 871 2535 Regesten
896 2502 1029 2529 Clemens
1055 2503 1100 2530 Vl.
1127 2503 1177 2531 lib.
1203 2505 1231 2537 4,
1255 2512 1322 2538 pars
1347 2504 1374 2535 2,
1399 2503 1483 2538 epist.
1509 2503 1544 2528 87
1572 2511 1638 2537 pag.
1663 2502 1719 2534 363
1756 2499 1901 2528 Vidimiste
1926 2500 1983 2526 Ab·

543 2551 643 2578 schrift
667 2553 703 2578 im
729 2554 989 2593 Laud-sarchive.)
