2206 2735
1093 66 1136 98 13

193 180 231 213 ad
267 182 337 213 vite
374 190 434 214 sue
472 184 619 225 tempora
657 178 805 212 habenda
841 177 984 212 tenenda
1023 188 1061 211 ac
1091 177 1195 211 libere
1232 176 1432 222 possidenda
1462 181 1494 210 et
1522 182 1555 210 ut
1589 177 1766 210 inmediate
1796 180 1870 222 post
1898 181 2034 210 mortem

193 243 295 285 ipsius
325 240 400 273 dicti
431 240 636 273 Johaucouis
665 238 791 283 absque
821 248 953 272 suorum
984 236 1173 280 liberorum,
1205 239 1231 270 si
1260 247 1343 282 quos
1371 247 1450 272 eum¹
1477 236 1600 270 habere
1627 240 1809 281 contingat,
1839 247 1878 269 ac
1899 236 2035 282 predic-

193 305 297 334 torum
328 301 460 334 fratrum
491 311 562 333 eius
593 299 816 332 Bartholouiei
846 303 877 332 et
906 297 1063 331 Ludovici
1085 309 1123 331 ac
1142 307 1404 342 quoruncunque
1433 299 1612 330 amicorum
1644 308 1778 331 suorum
1807 299 2035 331 arrestacione

194 364 416 406 impeticione,
446 362 674 405 occupacione.
703 363 734 392 et
763 359 996 404 impedimento
1029 357 1229 403 quibuslibet
1263 360 1333 403 ipsa
1373 360 1464 390 curia
1503 356 1651 402 predicta
1688 367 1762 390 cum
1799 356 1938 403 prefatis
1968 359 2036 390 suis

190 421 317 464 juribus
346 420 536 453 Vtilitatibus
566 424 598 453 et
626 422 841 465 pertinenciis
870 423 902 452 et
932 429 1098 464 expresse
1130 429 1202 450 cum
1232 420 1312 451 satis
1341 422 1371 451 et
1400 417 1594 451 animalibus
1634 417 1789 463 predictis
1820 428 1878 463 per
1905 427 2035 451 omnem

196 481 324 514 modum
356 483 440 514 sicut
468 481 527 514 sibi
557 478 743 514 Johancoui
775 483 941 523 assignata
971 483 1031 513 est.
1061 478 1100 512 ad
1130 488 1191 511 nos
1221 481 1253 510 et
1273 477 1311 511 ad
1332 482 1479 511 nostrum
1502 477 1738 511 Montisterium
1761 477 1902 510 totaliter
1922 476 2034 511 redeat

194 545 224 574 et
253 541 354 574 libere
383 545 578 574 reuertatur.
610 541 680 574 Hac
706 544 810 574 eciam
831 540 925 573 nobis
947 543 978 573 et
998 542 1119 572 nostris
1140 537 1395 572 succedentibus
1416 541 1583 584 potestate
1603 536 1831 571 nichilominus
1851 542 2033 571 reseruata.

192 601 276 646 quod
306 604 332 635 si
364 601 448 634 forie
478 602 658 647 proficuum
686 600 780 635 nobis
810 605 841 634 et
871 600 947 634 vtile
976 603 1082 634 visum
1111 598 1221 639 fuerit„
1252 599 1432 643 predictam
1462 597 1624 631 rehabere
1652 601 1788 639 curiam,
1818 609 1889 631 eain
1916 609 1933 631 a
1955 609 2035 643 pre-

191 661 257 695 fato
286 661 484 695 Johancone
512 673 584 695 cum
614 664 746 705 triginta
784 664 905 694 marcis
940 670 1134 704 grossorum
1172 661 1386 704 pragensium
1422 657 1581 692 Morauici
1616 661 1806 704 pagamenti
1840 669 2035 703 quocunque

192 727 342 768 tempore
372 722 510 756 eandem
540 722 598 755 sibi
629 722 817 755 dederimus
846 724 1031 766 pecuniam,
1063 722 1134 753 sine
1163 721 1279 765 quauis
1309 722 1358 753 sui
1378 718 1648 752 contradiccionc
1669 721 1834 764 possimus
1856 719 2034 752 exsoluere

194 787 224 815 et
253 787 376 815 extunc
406 785 515 815 statim
546 785 615 827 ipse
645 782 740 815 nobis
770 786 799 814 et
830 786 943 814 nostro
974 782 1175 814 monasterio
1197 780 1236 813 de
1257 782 1327 825 ipsa
1357 782 1448 813 curia
1478 779 1581 812 libere
1609 778 1732 813 cedere
1760 778 1880 813 debeat
1909 784 1941 812 et
1960 790 2032 813 eam

193 855 265 877 cum
305 846 374 876 suis
410 845 634 888 pertinenciis,
675 845 756 876 satis
790 847 822 876 et
857 841 1051 876 animalibus
1085 841 1258 874 antedictis
1296 843 1510 885 reassignare
1545 840 1650 873 modis
1687 839 1837 873 omnibus
1873 844 2033 873 teneatur.

197 903 246 937 Ad
276 908 420 937 nostram
451 905 550 947 igitur
578 903 729 937 Johanco
759 902 905 949 prefatus
941 901 1107 936 accedens
1140 904 1348 947 presenciam
1379 911 1396 934 a
1425 899 1520 933 nobis
1558 903 1740 934 instancius
1773 904 1804 933 et
1838 900 2034 945 diligencius

194 964 408 1009 supplicando
444 967 587 1006 rogauit.
625 967 657 996 vt
687 974 787 1008 super
816 966 1001 1009 premissis,
1040 973 1082 996 ne
1110 964 1142 995 in
1171 961 1301 995 dubium
1337 965 1391 994 aut
1419 959 1618 994 obliuionem
1652 972 1691 994 ea
1721 960 1823 994 relabi
1852 963 2033 1005 contingat.

195 1028 249 1058 aut
278 1035 384 1069 penes
414 1035 451 1057 ea
482 1024 597 1069 aliquis
627 1024 812 1069 calumpnia
843 1026 946 1069 possit
975 1023 1180 1068 aliquatenus
1200 1021 1353 1058 suboriri.
1383 1021 1443 1054 sibi
1473 1025 1606 1055 nostras
1636 1025 1787 1066 patentes
1817 1021 1896 1055 dare
1926 1022 2035 1054 literas

193 1085 417 1129 dignaremur.
473 1083 543 1118 Nos
581 1095 681 1130 super
715 1084 778 1118 hoc
814 1084 961 1128 diligenti
999 1083 1139 1118 consilio
1172 1087 1202 1115 et
1231 1082 1520 1115 animaduersione
1550 1081 1657 1115 debita
1688 1081 1868 1127 perhabitis
1897 1082 1937 1116 de
1967 1086 2035 1128 pari

192 1148 335 1178 omnium
366 1149 514 1178 nostrum
543 1155 709 1178 consensu
740 1147 842 1190 ipsius
872 1143 1026 1190 precibus
1047 1142 1231 1176 huiusmodi
1250 1147 1363 1187 vtpote
1383 1141 1639 1175 racionabilibus
1660 1141 1836 1186 benignius
1857 1142 2036 1176 inclinante

196 1205 233 1238 ad
271 1205 529 1238 ratificacionem
565 1208 595 1238 et
631 1204 882 1237 roboracionem
919 1204 1067 1250 predicte
1101 1203 1295 1237 collacionis
1330 1213 1390 1236 seu
1428 1205 1658 1236 concessionis
1697 1207 1727 1235 et
1765 1205 1907 1236 omnium
1952 1214 2035 1248 pre—

194 1268 380 1300 missorum.
411 1268 443 1299 in
474 1264 590 1310 quibus
621 1276 693 1298 eum
724 1264 955 1298 inuiolabiliter
983 1275 1185 1298 conseruare
1214 1264 1366 1297 volumus
1396 1267 1427 1297 et
1460 1263 1558 1297 nichil
1594 1274 1736 1308 vnquam
1766 1266 1795 1296 in
1834 1266 2034 1297 contrarium

191 1326 303 1359 facere
342 1325 425 1358 bona
465 1324 528 1359 side
567 1328 794 1370 permittimus.
833 1330 1008 1371 presentes
1048 1324 1109 1358 sibi
1148 1314 1263 1358 damus
1293 1324 1404 1357 literas
1434 1326 1555 1357 nostris
1584 1323 1697 1368 sigillis
1727 1323 1766 1357 de
1795 1328 1884 1357 certa
1921 1329 2034 1358 nostra

190 1389 337 1419 sciencia
369 1385 555 1419 roboratas.
586 1385 704 1419 Datum
736 1386 969 1419 sextadecima
1000 1386 1052 1419 die
1080 1387 1206 1418 mensis
1236 1383 1362 1418 Marcii.
1400 1384 1498 1417 Anno
1528 1383 1649 1417 domini
1678 1382 1850 1418 Millesinio
1880 1384 2033 1418 Trecen-

189 1450 306 1480 tesimo
336 1446 632 1491 Quinquagesiino.
667 1446 757 1489 „Nos
788 1450 896 1491 itaque
924 1446 1070 1480 Jacobus
1101 1444 1232 1479 Luczko
1262 1449 1293 1478 et
1323 1445 1479 1478 Albeuus
1510 1443 1647 1489 predicti
1678 1444 1715 1476 ad
1746 1447 1944 1490 peticionem
1976 1449 2033 1478 in—

188 1511 327 1540 stantem
361 1509 592 1552 prememorati
622 1506 827 1540 Johanconis
857 1510 887 1540 in
917 1493 1155 1540 Testimonium
1186 1507 1330 1539 omnium
1361 1507 1597 1550 premissorum
1619 1505 1726 1548 sigilla
1747 1510 1861 1538 nostra
1882 1506 1923 1538 de
1943 1511 2033 1539 certa

190 1570 337 1601 sciencia
370 1566 579 1613 presentibus
609 1567 761 1600 duximus
790 1567 1017 1613 appendenda.
1067 1569 1190 1600 Actum
1220 1563 1390 1600 Vicesima
1420 1569 1534 1611 quarta
1564 1565 1616 1598 dle
1646 1566 1721 1598 dicti
1752 1569 1876 1599 mensis
1905 1566 2032 1600 Marcii.

191 1628 289 1661 Anno
319 1628 439 1661 domiui
470 1631 653 1674 prenotato.

498 1723 590 1757 (Orig.
617 1723 700 1756 Perg.
726 1723 742 1748 3
769 1723 854 1756 hang.
882 1723 938 1756 sig.
964 1723 1001 1748 im
1026 1723 1151 1749 Archive
1176 1723 1226 1748 des
1251 1723 1384 1748 Klosters
1410 1722 1503 1748 Maria
1528 1721 1603 1753 Saal,
1629 1722 1684 1750 Lit.
1710 1719 1740 1750 L.
1767 1722 1813 1748 Nr.
1843 1723 1872 1750 2.
1896 1723 1932 1747 im
1951 1723 2033 1748 Lau-

600 1774 772 1800 desarchivji

1080 1912 1147 1947 19.

193 2007 309 2040 I'lm'ck
344 2018 405 2040 con
443 2006 641 2040 Sclzelletau
676 2007 816 2040 selzenlrt
851 2008 912 2040 deu
951 2007 1107 2040 Brit‘dern
1142 2007 1321 2040 Friedrich
1357 2007 1423 2040 med
1460 2007 1589 2040 illm-tin
1627 2008 1688 2040 das
1729 2007 1869 2040 Ger-ioht
1897 2009 1928 2040 in
1959 2008 2029 2041 clem

385 2077 390 2082 ·
703 2067 811 2111 Dorfe
841 2067 1090 2101 ,thalmai-lita.
1123 2068 1180 2101 Dt.
1210 2068 1244 2101 9.
1276 2067 1377 2112 April
1406 2067 1513 2100 1350.

344 2151 432 2205 Nos
465 2172 595 2205 ericus
625 2173 665 2204 de
695 2171 828 2205 Seletau
859 2172 1012 2206 (minibus
1042 2183 1114 2206 cum
1143 2171 1319 2206 heredibus
1348 2174 1429 2205 meis
1459 2171 1497 2205 ad
1519 2175 1750 2206 vniuersorum
1773 2175 1926 2206 noticiam
1946 2184 2028 2218 pre—

189 2231 340 2264 sentibus
369 2233 519 2265 uolumus
551 2235 737 2278 peruenire.
768 2232 862 2272 Quod
892 2243 953 2266 nos
983 2233 1126 2266 discreto
1156 2235 1228 2266 viro
1249 2231 1421 2266 Friderico
1450 2231 1608 2277 fratrique
1639 2243 1698 2266 suo
1718 2231 1859 2266 Martino
1879 2233 2027 2266 omnibus

188 2296 217 2324 et
249 2291 424 2325 heredibus
455 2303 579 2326 eorum.
613 2293 687 2325 ville
717 2297 830 2325 nostre
859 2291 1079 2327 Marcharticz
1106 2293 1262 2327 iudicium
1291 2303 1349 2337 per
1383 2297 1506 2338 patrem
1546 2304 1659 2326 eorum
1690 2292 1901 2326 Gebhardum
1939 2296 2026 2326 circa

193 2351 373 2386 Albertum.
404 2352 553 2385 eiusdem
591 2354 666 2386 ville
704 2357 817 2385 nostre
855 2355 916 2386 iam
953 2353 1039 2386 dicte
1072 2353 1250 2386 locatorem
1290 2355 1439 2398 primum,
1467 2356 1606 2399 ⁴propria
1645 2356 1784 2399 pecunia
1819 2358 1960 2399 emptum
1998 2358 2029 2386 et

188 2412 389 2457 persolutum
428 2417 540 2446 nostra
578 2424 650 2446 cum
690 2418 815 2446 matura
852 2413 1099 2447 deliberacione
1137 2412 1308 2459 prehabita
1345 2412 1547 2446 conferimus
1584 2418 1616 2446 et
1652 2413 1811 2447 donamus
1849 2425 1921 2447 cum
1962 2426 2026 2448 vno

187 2473 282 2506 laneo
311 2472 459 2506 eiusdem
489 2477 602 2506 nostre
633 2474 708 2506 ville
739 2472 865 2518 prefate
894 2477 966 2506 sine
986 2476 1073 2507 omni
1094 2484 1198 2507 censu
1218 2476 1334 2519 quouis
1357 2476 1489 2507 nomine
1508 2477 1676 2507 nominato
1697 2486 1755 2519 per
1774 2477 1865 2519 ipsos
1899 2476 2027 2508 scilicet

188 2531 389 2566 Fridericum
418 2536 451 2566 et
480 2532 666 2570 martinum,
695 2544 811 2566 omues
841 2538 872 2567 et
902 2533 1043 2567 heredes
1073 2545 1199 2576 eorum,
1230 2534 1426 2568 hereditarie
1465 2534 1709 2580 possidendum.
1766 2535 1905 2580 Insuper
1941 2547 2026 2569 con—
