2206 2735
1106 73 1125 106 3
1132 75 1151 105 Γ)

1091 211 1164 246 ⁶9.

357 293 506 346 Kaiser
541 310 618 344 Karl
656 309 712 344 lv.
747 310 924 354 bestatiget
961 308 1034 342 dem
1070 308 1270 342 Brevnover
1303 307 1437 342 Ktoster
1475 307 1536 341 alle
1572 306 1728 340 fritheren
1759 307 1963 352 Privilegicn
1992 307 2057 340 und

201 373 358 407 ‹larunter
387 371 469 406 ancli
499 371 552 406 die
582 370 940 416 Grtindungsurknnde
969 369 1028 403 des
1057 369 1209 403 Klosters
1239 368 1387 413 Raigern
1431 370 1505 402 anni
1549 366 1654 401 1048.
1712 367 1764 402 Dt,
1796 367 1888 401 XIX.
1927 367 2056 403 calend.

202 433 371 469 Februarii
401 433 431 467 d.
462 436 481 467 i.
515 433 571 467 14.
601 431 726 466 Janner
757 431 868 467 1351.

510 510 583 549 (Ans
608 511 687 537 einer
710 511 874 537 vidimirten
900 510 989 543 Copie
1014 509 1050 535 im
1085 508 1336 539 Lamtesarcl1ive;
1367 507 1545 542 abgedruekt
1577 507 1622 533 bei
1654 507 1844 541 Ziegelbaucr
1874 508 1949 541 Epit.
1982 508 2057 534 nist.

614 563 690 590 Mon.
716 561 938 589 Bievnovicnsis
963 570 989 595 p.
1018 561 1076 586 273
1102 561 1162 596 ffg„
1187 569 1228 586 wo
1256 561 1361 594 jedoch
1392 561 1442 586 das
1474 561 1580 585 Datum
1617 559 1743 590 „decimo
1774 559 1830 585 kal.
1864 560 1967 586 Febr-,⁸
2000 569 2056 586 un-

614 615 717 648 ricbtig
740 610 800 647 ist.)

1095 743 1163 778 70.

202 823 330 856 li'aiser
359 823 450 856 Karl
477 822 538 856 IV.
570 822 708 856 ersuclzt
737 823 798 855 (len
832 821 1044 866 Erz-biscleof
1067 821 1174 854 Erus!
1211 832 1272 855 con
1306 820 1412 864 Praffi
1453 822 1533 854 (lass
1570 833 1607 853 er
1644 831 1703 853 zm·
1739 819 1930 864 Erbammy
1964 821 2056 853 eines

280 894 386 917 neuen
419 883 609 917 Com-entes
637 883 699 916 den
731 883 864 928 I'rayer
899 882 1139 917 [sl-eztzleerren
1169 882 1222 915 (lie
1251 881 1495 929 Esau-illiqmzy
1522 881 1630 926 yeben
1659 887 1764 925 maye.
1796 880 1855 914 Dt.
1886 880 1980 925 Pray

951 943 1011 977 30.
1041 943 1173 977 Ja‘nner
1203 942 1313 976 1351.

358 1020 529 1073 Karolus
559 1039 620 1073 Dei
649 1042 755 1085 gratia
784 1039 1012 1073 Romanorum
1043 1038 1118 1072 Rex
1148 1049 1281 1085 semper
1315 1038 1490 1084 Augustus
1526 1042 1557 1072 ct
1586 1037 1731 1072 Boemiae
1764 1049 1824 1071 rex
1864 1036 2057 1071 Venerabili

204 1102 352 1134 Arnesto
383 1100 652 1147 Arcbiepiscopo
682 1101 855 1145 Pragensi‚
887 1100 1028 1146 Principi
1059 1105 1088 1133 et
1126 1099 1258 1133 Deuoto
1295 1110 1354 1133 sno
1393 1100 1511 1133 dilecto
1548 1102 1688 1144 gratiam
1725 1102 1852 1143 regiam
1890 1102 1922 1131 et
1959 1108 2058 1130 omne

201 1159 332 1194 bonum.
364 1162 446 1202 Quia
477 1162 686 1196 considerata
717 1165 907 1196 meritorum
938 1161 1092 1208 qualitate
1122 1165 1151 1194 et
1182 1159 1334 1194 laudabili
1366 1160 1538 1205 disciplina
1577 1160 1809 1204 religiosorum
1840 1158 1995 1203 Magistri
2025 1162 2058 1191 et

202 1221 393 1255 conuentus
423 1221 669 1256 Cruciserorum
698 1234 772 1256 cnm
803 1220 895 1256 stella
933 1225 966 1256 in
1001 1221 1087 1268 pede
1124 1223 1232 1267 pontis
1273 1219 1452 1265 pragensis
1489 1219 1692 1254 Deuotorum
1730 1223 1940 1258 nostrorum3
1977 1221 2058 1264 ipsis

200 1281 367 1315 licentiam
399 1287 430 1316 et
458 1282 647 1317 facultatem
677 1283 808 1329 plenam
838 1283 986 1316 dedimus
1017 1285 1048 1316 in
1079 1281 1243 1316 suburbiis
1274 1281 1425 1315 Ciuitatis
1456 1280 1539 1315 Silta
1555 1280 1742 1314 Ecclesiam
1765 1280 1895 1313 domum
1918 1284 1949 1312 et
1970 1290 2058 1313 con—

202 1346 333 1375 uentum
364 1343 516 1388 erigendi
546 1343 586 1377 de
615 1354 714 1387 nouo,
746 1343 805 1377 sub
835 1343 1041 1377 libertatibus
1071 1347 1101 1375 et
1136 1342 1364 1376 Imunitatibus
1394 1341 1511 1388 quibus
1541 1341 1732 1375 Conuentus
1763 1351 1874 1374 eorum
1905 1343 1936 1373 in
1967 1350 2058 1386 prae-

201 1403 285 1436 dicta
315 1402 456 1437 Ciuitate
487 1404 647 1449 Pragensi
677 1416 695 1438 a
722 1405 819 1438 clarae
849 1407 1014 1438 memoriae
1044 1402 1229 1437 Illustribus
1259 1403 1421 1448 qnondam
1444 1402 1588 1435 Boemiae
1609 1401 1759 1446 Regibus
1789 1399 2058 1447 progenitoribus

201 1468 233 1497 et
261 1463 569 1509 praedecessoribus
598 1467 720 1499 nostris
748 1464 978 1511 priuilegiatus
1008 1464 1079 1498 fere
1100 1464 1319 1509 dignoscitur,
1350 1466 1435 1497 sicut
1464 1463 1528 1497 hoc
1556 1466 1587 1497 in
1608 1463 1712 1496 literis
1731 1467 1854 1496 nostrae
1875 1464 2058 1495 maiestatis

199 1524 297 1557 factis
328 1523 474 1570 desuper
503 1524 632 1570 plenius
662 1529 693 1558 et
723 1527 919 1570 expressius
949 1528 1147 1558 continetur.
1177 1524 1213 1558 Id
1243 1527 1332 1558 circo
1363 1524 1575 1558 deuotionem
1605 1528 1693 1557 tuam
1724 1523 1908 1557 affectuose
1941 1525 2061 1568 requi-

199 1587 294 1618 rinus
324 1589 355 1618 et
386 1584 555 1619 hortamur
583 1590 746 1631 quatenus
776 1585 1064 1631 contemplacione
1092 1588 1198 1619 nostri
1226 1589 1261 1619 ut
1289 1584 1476 1619 huiusmodi
1505 1589 1627 1618 nostrae
1652 1586 1771 1617 mentis
1801 1587 1964 1629 concepta
1994 1582 2058 1616 de-

199 1648 289 1679 uotio
317 1644 382 1679 fine
411 1645 623 1679 desiderabili
653 1646 805 1680 concludi
835 1646 954 1689 ualeat,
984 1651 1015 1680 et
1044 1645 1128 1680 finiri
1158 1645 1336 1680 salubriter
1373 1645 1467 1679 dictae
1503 1645 1687 1679 fundationi
1723 1646 1882 1678 erectioni
1912 1648 1941 1677 et
1971 1654 2059 1677 con-

204 1704 376 1739 firmationi
405 1710 494 1740 tuum
524 1717 725 1740 consensum
755 1707 838 1740 uelis
876 1718 1047 1752 apponere
1083 1711 1115 1740 et
1149 1706 1320 1753 praefatuni
1358 1709 1528 1751 negotium
1566 1710 1660 1752 prout
1697 1704 1795 1738 officii
1832 1708 1876 1738 tui
1914 1704 2056 1738 debitum

203 1768 349 1812 requirit.
380 1769 411 1799 et
428 1769 532 1811 exigit
561 1766 788 1800 fauorabiliter
816 1777 1014 1813 promouere
1043 1771 1172 1812 gratam
1202 1767 1296 1801 nobis
1325 1770 1357 1801 in
1386 1766 1449 1801 lioc
1479 1771 1511 1800 et
1539 1770 1711 1812 acceptam
1741 1768 1874 1799 nimium
1904 1765 2059 1810 compla-

203 1829 344 1860 centiam
365 1825 529 1860 faciendo.
551 1826 670 1861 Datum
692 1827 808 1872 Pragae
823 1827 1000 1873 penultima
1022 1827 1075 1861 die
1094 1831 1219 1861 mensis
1236 1827 1385 1862 Januarii
1402 1827 1598 1872 Regnorum
1618 1830 1805 1860 nostrorum
1823 1827 1924 1860 Anno
1946 1829 2055 1859 sexto.

513 1902 587 1937 (Aue
611 1905 666 1931 den
690 1906 880 1932 monumentis
903 1905 1099 1940 Ki‘jnigsberg.
1129 1906 1167 1932 im
1192 1906 1317 1932 Arehive
1347 1906 1397 1931 der
1422 1905 1630 1939 Po'ltenberger
1661 1904 1794 1931 Probstei
1826 1903 2056 1938 abgeschrieben

614 1966 670 1983 von
693 1955 745 1984 Dr.
771 1954 894 1994 Chytil.)

1099 2087 1167 2122 21.

202 2165 390 2209 illarlfqral'
411 2165 549 2199 ιΙοΙιαηιι
578 2175 640 2198 con
670 2164 814 2198 Malaren
842 2163 1011 2198 'cerbietet
1045 2165 1109 2198 deu
1137 2148 1295 2210 Βῑίνρενη
1336 2177 1397 2199 con
1434 2164 1577 2205 Olmzllz,
1613 2166 1675 2198 (Ias
1708 2164 1879 2198 olmutz-er
1914 2162 2059 2207 Kapilel

279 2225 455 2270 bez-ilylich
484 2226 545 2259 der
572 2224 692 2258 Mauth
722 2225 787 2258 um!
814 2225 874 2258 der
906 2224 1064 2258 Tuber-ne
1092 2226 1124 2258 in
1154 2225 1321 2260 Drahlow
1350 2228 1410 2272 ξε.
1441 2237 1482 2259 zu
1511 2224 1738 2259 besclzweren.
1770 2224 1829 2258 De.
1859 2223 1977 2258 Bruma

949 2285 982 2319 2.
1013 2284 1170 2319 Februar
1199 2285 1309 2320 1351.

361 2372 466 2407 1351.
496 2373 559 2407 Die
587 2372 645 2407 Ill.
676 2371 849 2406 Februarii
883 2392 923 2396 -—
956 2376 988 2406 in
1019 2372 1116 2406 domo
1147 2370 1302 2406 Vitkonis
1332 2372 1450 2406 decani
1479 2372 1712 2407 Oloinucensis
1732 2374 1764 2405 in
1789 2373 1906 2405 notarii
1937 2369 2056 2415 publici

203 2434 288 2468 Petri
326 2437 495 2480 presentia
531 2455 580 2459 —
618 2435 787 2467 constituti
824 2432 875 2466 dd.
913 2432 1014 2467 Viiko
1052 2433 1211 2476 decanus,
1257 2431 1435 2467 Jobannes
1472 2435 1672 2478 prepositus,
1712 2431 1870 2465 Nicolaus
1906 2430 2056 2471 Ratibor„

201 2493 386 2536 C0n1·adus‚
417 2494 561 2529 Sezema
590 2499 623 2528 et
652 2494 857 2540 Stephanus,
888 2493 1046 2528 Canonici
1078 2493 1321 2528 Oloniucenses
1349 2493 1477 2527 literam
1498 2496 1529 2526 in
1552 2496 1642 2526 carta
1670 2495 1805 2538 papirea
1835 2490 2057 2525 exhibuerunt

200 2554 307 2599 sigillo
326 2582 332 2588 .
351 2582 357 2588 .
376 2554 406 2589 d.
437 2554 597 2588 Jobannis
625 2553 669 2588 M.
698 2553 743 2588 M.
774 2557 804 2588 in
835 2565 912 2588 cera
942 2554 1023 2588 ruffa
1052 2557 1252 2588 intrinsecus
1282 2563 1456 2600 appresso.
1487 2573 1536 2578 —
1565 2552 1678 2586 'senor
1706 2552 1801 2585 litere
1831 2556 1902 2585 erat
1934 2572 1974 2577 —-

1917 2614 1933 2635 .’-Ι
1938 2612 1953 2622 &-
