2206 2735
1105 76 1178 109 2⁴25

215 191 379 222 notarium
410 191 458 221 sic
487 187 643 221 exhibitis
671 187 765 220 lectis
794 191 826 220 et
861 187 1037 231 diligenter
1066 191 1146 222 visis
1181 199 1247 222 vna
1284 198 1357 220 cum
1388 186 1577 232 subscripto
1616 189 1745 220 notario
1774 189 1808 219 et
1837 183 1974 219 testibus
2004 195 2068 229 ego

215 249 383 294 predictus
413 247 577 282 Henricus
605 247 775 292 generalis
804 251 950 281 vicarius
981 247 1077 282 Petro
1108 247 1296 293 subscripto
1326 250 1456 280 notario
1486 245 1616 292 publico
1646 245 1811 288 mandant.
1842 250 1875 279 ut
1895 248 1966 291 ipse
1987 256 2069 290 pre—

216 310 319 342 dictas
349 309 539 343 soluciones
568 307 608 341 de
637 310 732 342 annis
761 312 793 341 et
829 310 975 342 terminis
1017 311 1200 354 prenotatis
1243 307 1359 349 factas.
1405 318 1448 340 ex
1493 306 1616 340 eisdem
1660 306 1749 340 libris
1794 317 1852 340 seu
1893 305 2071 349 Regestris

215 368 432 414 originalibus
462 368 980 410 0110300101,1131151110010101
1021 367 1261 402 transcriberet
1304 379 1342 402 ac
1385 367 1569 401 conficeret
1610 366 1774 412 publicum
1817 369 2070 400 instrumentum

216 440 329 476 parem
359 432 426 464 vim
454 440 527 463 cum
557 429 775 474 originalibus
804 428 1000 473 habiturum,
1031 432 1085 474 qui
1114 428 1244 474 quidem
1283 432 1431 463 notarius
1468 427 1617 473 publicus
1648 437 1789 473 presens
1818 430 2070 461 instrumentum

217 502 262 524 ex
291 490 418 524 eisdem
446 489 665 534 originalibus
694 489 786 524 libris
815 500 873 523 seu
902 488 1078 533 Regestris
1121 489 1161 523 de
1202 489 1307 523 uerbo
1350 490 1389 523 ad
1434 488 1572 523 uerbum
1611 489 1654 522 nil
1684 487 1808 521 addens
1836 488 1889 521 uel
1918 490 2070 520 minuens

218 550 394 595 diligenter
421 552 633 596 transcripsit
660 554 691 584 et
721 551 968 596 transsumpsit„
999 552 1051 582 cui
1081 552 1343 595 transumpcioni
1374 561 1439 594 ego
1473 549 1640 595 predictus
1669 550 1818 581 vicarius
1849 550 1878 580 10
1909 549 2071 592 spiritua-

217 611 302 645 libus
331 613 562 644 auctoritatem
604 613 787 656 interposui
829 614 861 643 et
901 610 1070 643 decretum
1113 615 1146 644 et
1187 610 1293 644 eidem
1332 611 1551 644 instrumento
1589 609 1730 654 sigillum
1770 611 1950 642 vicariatus
1986 608 2071 641 dicte

218 671 364 705 ecclesie
393 669 636 714 olomucensis,
667 681 731 717 quo
766 681 854 704 nunc
891 674 976 713 vtor,
1016 671 1159 717 appendi
1193 671 1232 704 ad
1270 671 1365 705 fidem
1407 675 1598 717 perpetuam
1635 670 1834 704 faciendam.
1875 671 1997 702 Actum
2038 672 2070 702 in

217 731 314 764 domo
343 729 562 765 habitacionis
592 741 665 765 mee
693 733 724 764 111
755 729 914 764 Olornucz
944 731 1055 773 Anno„
1085 729 1292 765 Indiccione.
1324 732 1387 767 die.
1419 743 1546 773 mense,
1577 731 1655 765 hora
1685 735 1716 764 et
1746 729 1958 764 Pontificatus
1988 740 2070 775 pre-

219 795 341 833 missis,
372 791 585 836 presentibus
614 791 766 825 discretis
796 794 876 824 viris
906 791 1046 825 dominis
1085 791 1274 826 Theodrico
1316 795 1440 826 vicario
1478 793 1623 825 ecclesie
1662 790 1897 824 Olomucensis
1934 790 2070 824 Andrea

219 853 259 885 de
288 851 472 885 Luhschicz
499 850 669 897 Imperiali
698 854 896 884 auctoritate
924 854 1053 885 notario
1091 853 1214 886 clerico
1252 852 1487 887 Oloinucensis
1523 853 1666 886 diocesis
1701 856 1733 885 et
1767 851 1893 884 Jacobo
1930 851 2071 884 diacono

219 913 260 946 de
289 911 384 946 Noua
414 911 554 946 Ciuitate
583 923 622 946 ac
652 912 724 945 aliis
754 912 901 958 pluribus
922 912 1098 956 fidedignis
1121 912 1258 947 testibus
1280 913 1319 946 ad
1342 916 1503 959 premissa
1525 916 1649 946 uocatis
1670 913 1861 958 specialiter
1880 916 1913 945 et
1932 914 2068 956 rogatis.

375 972 417 1006 Et
454 983 518 1017 ego
556 971 670 1005 Petrus
706 971 870 1016 quondam
909 972 993 1006 Petri
1027 973 1068 1006 de
1098 973 1279 1007 Gewiczca
1309 975 1453 1008 clericus
1485 973 1716 1007 Olomucensis
1747 973 1892 1006 diocesis
1921 972 2071 1018 publicus

217 1031 387 1079 Imperiali
423 1035 620 1067 auctoritate
657 1035 805 1066 notarius
841 1032 880 1065 de
915 1033 1070 1078 predictis
1107 1034 1323 1078 originalibus
1361 1034 1452 1068 libris
1481 1038 1514 1068 et
1542 1034 1720 1079 Regestris
1750 1035 1883 1067 extraxi
1913 1038 1945 1066 et
1973 1038 2070 1067 tran-

221 1097 345 1140 sumpsi
373 1096 405 1127 in
434 1096 583 1139 presenti
612 1093 768 1138 exemplo
797 1104 856 1126 seu
887 1098 1093 1139 transumpto
1123 1106 1283 1128 summam
1314 1095 1495 1129 solucionis
1525 1105 1583 1141 pro
1617 1094 1744 1129 decima
1774 1094 1881 1140 papali
1919 1094 1960 1126 de
1988 1093 2072 1127 red-

220 1154 339 1188 ditibus
376 1158 410 1188 et
446 1152 661 1199 prouentibus
697 1152 843 1186 ecclesie
879 1157 909 1187 in
947 1154 1105 1200 Auspecz
1144 1159 1229 1189 sicut
1262 1156 1304 1189 ibi
1343 1159 1503 1201 scriptum
1537 1155 1615 1189 vidi.
1651 1156 1716 1199 legi
1754 1160 1787 1189 et
1823 1156 1933 1188 inueni
1970 1153 2070 1187 nichil

218 1214 369 1249 addendo
398 1215 449 1248 uel
479 1213 656 1248 minuendo
685 1218 716 1247 et
745 1213 875 1247 tandem
905 1215 1095 1260 supradicto
1125 1216 1257 1249 domino
1287 1216 1433 1250 Henrieo
1462 1220 1591 1251 vicario
1620 1220 1651 1250 in
1673 1215 1898 1262 spiritualibus
1919 1215 2069 1259 generali

220 1275 398 1308 mandante
433 1279 465 1308 et
502 1285 593 1308 suam
631 1277 859 1308 auctoritatem
896 1278 1129 1321 interponente
1166 1278 1346 1312 auscultatu
1382 1278 1568 1312 adinuicem
1603 1282 1843 1323 transumptum
1884 1276 2069 1310 huiusmodi

219 1340 250 1368 et
279 1335 453 1379 originalia
483 1346 556 1369 cum
586 1335 718 1368 domino
746 1334 900 1368 ι1011110110
929 1339 1057 1370 notario
1087 1341 1274 1383 prescripto
1304 1343 1334 1371 et
1364 1341 1438 1383 quia
1470 1342 1517 1373 sic
1546 1350 1584 1372 ea
1614 1341 1725 1372 inueni
1764 1337 1971 1371 concordare
2006 1337 2068 1371 hoc

217 1398 469 1429 instrumentum
497 1406 598 1441 super
627 1406 667 1429 eo
696 1394 883 1428 confectum
914 1408 1009 1430 manu
1040 1401 1171 1443 propria
1203 1402 1320 1444 scripsi
1350 1403 1382 1432 et
1411 1401 1442 1432 in
1472 1398 1559 1433 hanc
1588 1398 1753 1444 publicam
1784 1398 1923 1433 formam
1953 1399 2067 1443 redegi

220 1459 368 1502 meisque
396 1459 565 1489 consuetis
594 1458 726 1489 nomine
755 1460 787 1489 et
817 1459 913 1500 siguo
942 1460 1140 1502 consignaui
1169 1462 1345 1504 requisitus
1374 1463 1405 1493 in
1436 1463 1657 1493 testiinonium
1687 1462 1936 1505 premissorum.

529 1531 623 1572 (Orig.
650 1534 734 1568 Perg.
759 1534 843 1568 hang.
872 1534 930 1569 sig.
955 1536 992 1561 im
1016 1537 1140 1563 Archive
1166 1538 1215 1563 des
1238 1538 1370 1564 Klosters
1396 1538 1488 1563 Maria
1513 1537 1579 1563 Saal
1604 1538 1661 1563 Lit.
1687 1538 1728 1568 Q..
1755 1537 1804 1564 Nr.
1831 1538 1923 1563 205111
1941 1538 2068 1563 Laudes-

629 1584 777 1615 Arehivesi

1091 1717 1198 1753 280.

221 1791 289 1825 Die
324 1792 444 1827 Witwe
474 1792 659 1826 Elisabeth
687 1792 844 1838 bet-eunt,
873 1794 953 1827 class
981 1794 1036 1828 ilar
1063 1796 1125 1828 clas
1154 1796 1446 1830 Patronatsreelet
1483 1798 1543 1831 cler
1577 1797 1802 1840 Pfarrltirclie
1833 1799 1864 1830 ῖη
1896 1796 2068 1830 Zbraslaee

758 1853 851 1887 nicht
878 1854 1028 1889 zustehe.
1058 1855 1118 1889 Dt.
1148 1856 1207 1890 31.
1242 1857 1393 1891 Olclober
1426 1858 1533 1892 1354.

377 1911 464 1964 Ros
493 1929 662 1964 Johannes
691 1930 743 1964 dei
773 1935 805 1964 et
835 1933 1015 1976 apostolice
1044 1933 1142 1967 Sedis
1171 1938 1285 1979 gracia
1315 1935 1501 1982 Episcopus
1532 1935 1764 1970 Olomucensis
1785 1935 1903 1969 Notum
1926 1935 2065 1969 facimus

220 1993 431 2036 presencium
461 1990 702 2035 inspectoribus
734 1994 898 2025 vainei-sis
929 1991 1024 2032 Quod
1054 1993 1193 2028 honesta
1222 1994 1374 2029 Matrona
1404 1996 1589 2042 Elyzabetli
1617 1996 1746 2030 Relicta
1769 1996 1931 2042 quondam
1952 1995 2068 2030 1111110-

219 2050 305 2084 lonis
335 2049 471 2084 Clientis
502 2050 542 2084 de
571 2050 742 2085 Braslaws
772 2056 885 2085 nostre
914 2051 1064 2088 Olomuc.
1095 2055 1220 2089 dioecis
1250 2061 1336 2090 motu
1365 2061 1499 2103 proprie
1528 2057 1707 2090 voluntatis
1728 2061 1876 2091 nostram
1898 2056 2066 2090 accedens

220 2114 432 2156 presenciam
461 2122 527 2144 non
557 2116 674 2145 coacta
702 2122 765 2145 nec
794 2112 902 2146 illecta
933 2113 992 2146 sed
1021 2119 1139 2159 sponte
1169 2127 1207 2149 ac
1241 2120 1348 2150 animo
1387 2117 1569 2151 deliberato
1608 2128 1755 2161 sanaque
1792 2121 1902 2150 mente
1938 2116 2068 2162 publice

220 2170 408 2205 confitendo
437 2172 469 2206 in
498 2174 674 2218 presencia
705 2171 853 2206 Tesiium
883 2178 915 2207 et
935 2173 1055 2218 publici
1085 2174 1211 2210 Notarii
1241 2177 1503 2223 subscriptorum
1535 2178 1626 2212 dixit.
1657 2180 1855 2222 recognouit
1890 2182 1921 2211 et
1950 2188 2069 2211 asser-

219 2236 262 2265 uit
301 2231 476 2266 manifeste
514 2244 551 2266 se
580 2235 767 2278 penitencia
797 2233 883 2275 duci,
913 2234 1000 2278 quod
1029 2246 1130 2281 super
1157 2236 1432 2283 Jurepatronatus
1463 2239 1614 2272 Ecclesie
1652 2238 1851 2285 parochialis
1888 2237 2006 2272 ibidem
2036 2241 2067 2271 in

220 2291 395 2327 Braslaws
426 2292 618 2327 Venerabili
647 2293 830 2327 Abbatisse
859 2298 890 2327 et
910 2294 1092 2339 Religiosis
1114 2296 1307 2342 Virginibus
1329 2298 1521 2333 Conuentus
1542 2299 1847 2333 Sanctimonialium
1871 2298 2068 2332 Monasterii

220 2356 252 2386 in
282 2352 361 2387 Osla
391 2353 626 2388 Cisterciensis
657 2353 791 2388 Ordinis
820 2359 933 2388 nostre
961 2355 1106 2390 diocesis
1127 2362 1314 2402 prenotate.
1345 2359 1384 2392 ad
1415 2371 1496 2405 quas
1526 2363 1631 2405 ipsum
1661 2360 1918 2405 Juspatronatus
1939 2370 1982 2392 ex
2003 2358 2068 2392 do-

221 2416 363 2447 nacione
390 2414 530 2460 predicti
558 2413 750 2449 Milzolonis.
781 2418 830 2448 sui
867 2419 974 2450 mariti
1016 2417 1164 2462 legitimi.
1208 2419 1332 2452 eisdem
1370 2421 1550 2455 Abbatisse
1587 2425 1617 2454 et
1655 2419 1841 2454 Conuentui
1878 2430 1917 2452 ac
1954 2430 2066 2452 earum

220 2473 426 2508 Monasterio
454 2474 543 2508 facta
571 2478 724 2520 pertinet.
755 2479 857 2509 mouit
886 2480 917 2509 et
947 2481 1071 2511 moueri
1102 2483 1291 2523 procurauit
1320 2480 1464 2515 indebite
1501 2484 1707 2527 questionem
1751 2485 1781 2513 et
1820 2480 1904 2526 quod
1942 2483 1973 2513 in
2004 2479 2067 2513 hoc

219 2537 290 2567 eius
321 2537 449 2568 animus
478 2535 648 2580 plurimum
686 2534 854 2569 oberrauit
901 2547 952 2578 eo.
1001 2538 1088 2583 quod
1124 2541 1155 2572 in
1194 2542 1269 2585 ipso
1298 2540 1579 2587 Jurepatronatus
1617 2542 1736 2575 nullum
1776 2543 1826 2574 ius
1866 2540 1986 2574 babeat
2016 2541 2067 2572 vel

1872 2604 1908 2626 ἈΒ
