2206 2735
1051 54 1123 87 2:32

149 167 361 200 llernbardus
391 167 429 199 de
462 166 623 201 Luscium.
664 165 853 212 Haynricus
893 167 932 199 de
964 166 1122 199 llacliano
1157 167 1358 213 spondemus
1389 172 1419 200 et
1450 172 1669 213 promittimus
1699 170 1884 203 voluntarie
1916 170 1999 204 bona

150 234 260 261 uos-tra
291 229 352 261 tide
383 230 455 260 sine
484 230 572 260 ouini
603 227 690 266 dolo,
722 227 871 273 predicto
901 227 1033 260 domiuo
1065 226 1310 270 llartbolouieo.v
1342 229 1393 261 uel
1423 231 1476 274 qui
1499 234 1674 274 presentes
1696 229 1846 264 babuerit
1875 231 2000 274 literas„

150 293 366 334 prescriptum
398 288 527 321 laneum
558 299 630 321 cum
663 291 732 321 suis
760 287 895 321 Jnribus
924 292 955 321 ut
987 287 1152 333 prefertur
1179 288 1219 321 ab
1249 288 1401 322 omnibus
1423 288 1712 323 iusectarionilms.
1745 290 2001 335 inpeticionibus

150 362 208 382 seu
249 348 583 394 uitet-pretacionibus
626 350 678 382 nel
721 348 956 394 redempcione
1000 360 1059 394 per
1102 351 1206 395 ipsum
1244 347 1426 384 Jesconeui
1457 355 1639 395 pretaetum
1670 351 1721 384 ucl
1752 351 1849 385 alium
1879 362 1999 396 quem-

149 421 277 454 cunque
307 420 438 442 snorum
470 413 652 442 amicorum
683 414 735 442 aui
767 413 882 443 vxoris
920 421 978 443 sue
1017 409 1117 445 factu.
1156 410 1241 455 quod
1280 411 1450 454 wlgariter
1480 410 1621 456 abscliyt
1650 411 1780 446 dicitur.
1811 415 1864 458 qui
1895 415 1999 458 ipsum

149 473 313 503 ‹toinimim
345 471 395 503 uel
427 475 600 516 presentes
631 470 742 504 literas
772 469 941 504 babituros
971 474 1214 516 excempcione
1235 474 1306 505 siue
1327 475 1501 504 contractu
1522 482 1718 517 quocunque
1739 472 1836 505 niodo
1856 483 2000 517 granai-e

149 531 197 564 uel
229 535 418 576 opprimere
448 536 585 576 possent
616 533 723 565 eciam
753 542 795 564 ex
826 536 920 577 parte
949 534 1066 565 vxoris
1097 531 1147 564 uel
1178 531 1336 564 heredum
1367 542 1500 565 suorum
1529 532 1710 566 secundum
1741 538 1830 566 terre
1851 533 2000 567 lllorauie

149 604 197 624 ms
227 604 403 625 commuue
433 592 590 626 libertare
619 595 749 638 penitus
779 597 810 625 et
839 591 1030 636 exbrigare.
1062 591 1134 625 Non
1164 591 1316 625 obstante
1345 592 1431 638 quod
1462 596 1489 625 si
1521 591 1695 627 Gerusclia
1726 605 1812 627 vxor
1841 595 2000 628 antedicti

148 652 304 686 ,lest-onis
335 656 450 687 marito
481 653 636 686 defuneto
675 656 872 686 occassione
911 653 1055 686 dotalicii
1094 652 1145 685 uel
1175 656 1401 698 cuiuscunque
1430 653 1565 686 alterius
1596 664 1696 687 cause
1727 657 1897 700 impeteret
1927 658 1999 689 siue

148 717 368 759 impugnaret,
416 717 447 746 et
495 725 554 746 nos
594 714 760 747 antedicto
807 713 940 747 domino
987 714 1037 747 uel
1085 718 1260 759 presentes
1298 714 1409 748 literas
1441 714 1601 747 habituris
1631 715 1717 748 illum
1748 715 1877 749 laneum
1908 719 1997 750 iuxta

148 774 315 807 libertates
346 774 385 806 ab
415 773 598 807 huiusmodi
630 773 884 820 inpeticionibus
913 777 1046 807 nomine
1076 774 1218 807 dotalicii
1248 777 1319 807 siue
1348 775 1482 808 alterius
1512 786 1614 808 cause
1643 778 1871 820 cuiuscunque
1892 776 1998 810 saetas

148 846 212 868 nou
248 846 421 880 possemus
460 834 615 868 libertare
653 846 712 869 seu
749 835 932 879 exbrigare
970 834 1054 868 infra
1092 839 1220 881 tempus
1259 840 1289 868 et
1320 838 1369 869 ius
1399 840 1488 869 terre
1518 835 1668 869 Morame
1697 836 1736 869 ad
1767 837 1997 870 uendicionem

148 895 299 928 Dotalicii
331 899 402 928 siue
442 895 528 929 lanei
572 898 778 942 requisitum„
817 896 971 929 antedicti
1015 898 1233 942 promittimus
1277 899 1306 929 in
1349 896 1489 929 solidum
1519 901 1548 930 et
1580 900 1756 930 coniuncta
1787 908 1882 930 manu
1913 896 1998 931 bona

146 961 259 989 nostra
291 956 352 989 title
384 958 572 990 mouit-ioue
602 967 660 1003 per
689 956 893 1002 sepedictum
923 956 1087 990 dominum
1126 957 1176 989 uel
1211 959 1262 1001 qui
1300 961 1474 1002 presentes
1504 956 1656 990 babuerit
1684 957 1797 991 literas
1828 957 1937 991 habita
1967 962 1999 991 et

148 1017 234 1049 sacta
265 1020 383 1049 statim.
414 1020 501 1050 omui
532 1018 698 1050 dilacione
727 1028 786 1050 seu
824 1016 1031 1061 subterfugio
1061 1020 1208 1057 semotis
1254 1029 1367 1051 uerum
1406 1023 1438 1051 et
1473 1019 1604 1051 solitum
1643 1017 1830 1062 obstagium
1861 1017 1996 1064 quilibet

148 1083 295 1110 nostrum
326 1088 398 1110 cum
439 1088 504 1111 vno
541 1077 662 1111 famulo
701 1082 733 1111 et
767 1078 894 1111 duobus
930 1081 1023 1123 equis
1061 1081 1090 1110 in
1121 1081 1255 1111 ciuitate
1286 1078 1417 1111 Brunna
1448 1078 1633 1124 hospicium
1663 1078 1792 1112 honesti
1823 1081 1883 1112 viri
1913 1089 1992 1124 pre—

148 1143 259 1171 sentes
304 1138 414 1171 literas
454 1137 623 1172 babituros
660 1138 849 1184 deputatum
890 1141 962 1172 siue.
991 1142 1161 1172 ostensum
1192 1139 1378 1173 subintrare
1408 1144 1440 1173 et
1469 1139 1508 1173 ab
1539 1139 1614 1173 inde
1643 1150 1707 1173 non
1738 1143 1844 1182 exire‚
1887 1139 1995 1173 donec

148 1198 294 1243 predicto
331 1199 463 1232 domiuo
499 1200 549 1232 nel
589 1204 765 1245 presentes
800 1201 912 1233 literas
950 1199 1121 1237 habituris.>
1144 1199 1184 1233 de
1213 1203 1353 1245 pecunia
1392 1210 1486 1245 quam
1517 1211 1575 1245 pro
1606 1199 1753 1245 predicto
1784 1202 1878 1234 laneo
1908 1200 1996 1233 dedit

146 1265 175 1292 et
207 1260 246 1292 de
277 1260 427 1306 dampnis
457 1264 489 1293 et
518 1264 680 1306 expensis
709 1260 805 1294 factis
835 1265 867 1294 et
895 1263 1039 1305 receptis
1069 1271 1150 1306 quas
1181 1260 1240 1294 sul)
1270 1261 1333 1294 tide
1362 1271 1420 1295 sua
1451 1261 1584 1301 dixerit,
1615 1262 1875 1295 satisfecerimus
1905 1264 1996 1294 inte-

146 1322 280 1363 graliter
310 1326 339 1354 et
371 1321 544 1366 complete.
578 1320 611 1354 ln
642 1323 735 1354 cuius
765 1323 813 1354 rei
843 1323 1065 1354 testimonium
1096 1325 1129 1354 et
1157 1321 1363 1355 euidenciam
1394 1322 1571 1355 firmiorem
1601 1333 1662 1356 nos
1690 1324 1864 1368 prescripti
1894 1322 1996 1356 videm

147 1382 219 1414 iicet
249 1381 349 1413 ¹lesco
386 1381 576 1427 principalis
614 1381 768 1415 venditor
807 1393 868 1415 nec
904 1392 968 1415 non
1006 1381 1144 1415 l'ribsko
1174 1382 1214 1415 de
1244 1382 1433 1428 Loiiipnicz‚
1466 1381 1678 1416 Bernliardus
1709 1383 1750 1416 de
1778 1382 1933 1416 Luscbka
1962 1387 1994 1415 et

147 1441 335 1487 iluynricus
365 1442 405 1475 de
436 1442 590 1475 Raczans
621 1446 784 1488 prenotati
814 1443 1029 1476 fideiussores
1059 1448 1235 1488 presentes
1256 1444 1368 1477 literas
1389 1444 1570 1488 sigillorum
1599 1448 1786 1477 nostrorum
1816 1446 1994 1477 munimine

147 1504 295 1535 dedimus
327 1503 509 1536 roboratas.
542 1504 628 1537 Acta
657 1509 733 1537 sunt
763 1503 824 1537 bec
853 1507 961 1536 onmia
993 1507 1022 1537 in
1054 1504 1305 1549 Tysclmawicz
1335 1505 1545 1550 presentibus
1575 1505 1727 1538 diseretis
1757 1507 1838 1538 viris
1866 1504 1994 1537 Jacobo

147 1569 282 1608 protunc
314 1564 507 1609 prouinciali
537 1566 567 1596 in
599 1563 788 1609 Eycborns.
818 1564 978 1597 Henslmo
1008 1565 1048 1598 de
1076 1564 1189 1598 Lubne
1218 1570 1248 1598 et
1281 1564 1443 1599 Bobussio
1473 1565 1512 1598 (le
1544 1565 1689 1607 Piskaw,
1722 1564 1881 1598 Witlfflne
1912 1575 1994 1609 pro-

147 1629 221 1657 tunc
252 1625 358 1657 iudice
388 1627 419 1657 in
450 1624 700 1669 Tyscbnawicz
738 1630 769 1658 et
800 1625 979 1659 Budacone
1016 1630 1047 1658 et
1078 1625 1292 1658 Worsclione
1326 1625 1480 1659 fratribus
1511 1626 1627 1658 iudicis
1657 1628 1828 1658 memorati
1859 1625 1991 1660 ibidem.

146 1687 245 1718 Auno
275 1685 395 1718 domiui
425 1683 476 1718 M⁰
506 1684 605 1718 CCC⁰
634 1689 908 1731 quinquagesimo
938 1691 1054 1731 quarto
1084 1689 1114 1719 in
1144 1686 1197 1719 die
1226 1689 1332 1719 sancti
1362 1685 1489 1719 Tbome
1520 1688 1667 1731 episcopi
1698 1686 1938 1719 Canturiensis.

453 1763 546 1797 (orig.
580 1764 664 1797 Pei-g.
695 1765 713 1790 4
745 1765 771 1791 h.
805 1765 886 1797 Sigil.
919 1765 955 1789 im
990 1765 1113 1790 Archive
1145 1765 1194 1790 des
1232 1765 1365 1790 titosters
1406 1765 1497 1790 Maria
1536 1764 1603 1789 saal
1644 1764 1701 1790 Lit.
1734 1764 1767 1789 P.
1803 1764 1851 1789 ΧΓ.
1885 1765 1922 1788 69
1955 1763 1993 1789 im

557 1816 837 1851 Laudes-Archive.)

1018 1963 1123 1998 2813.

144 2037 218 2071 Das
246 2038 390 2082 Ji'apitel
419 2050 480 2072 col?
512 2039 722 2073 Alllmnzlan
747 2041 819 2085 gibt
848 2043 942 2074 seiae
972 2041 1203 2085 chste'mmzmq
1237 2053 1277 2074 ῑ-ιι
1305 2042 1377 2074 (lem
1407 2042 1575 2075 zzeiscleen
1606 2040 1794 2075 demselbeu
1825 2040 1890 2072 und
1918 2040 1990 2072 dem

144 2099 286 2133 lsloster
314 2099 431 2133 ,Uaria
460 2099 550 2133 Saul
576 2101 741 2145 qesallten
772 2102 1065 2146 Scln'edssprmhe
1094 2102 1270 2147 bezayliclz
1299 2102 1359 2136 der
1395 2102 1617 2147 {Vez'nqiirleit
1649 2104 1681 2135 in
1710 2101 1879 2134 Nili-ocem
1930 2100 1989 2133 Dt.

801 2163 955 2196 Bunzlau
986 2163 1084 2197 1354
1117 2165 1210 2203 (sine
1240 2164 1328 2205 die).

297 2219 339 2271 'n
370 2237 511 2272 Nomine
542 2238 673 2273 Domini
709 2241 828 2274 Amen.
885 2240 954 2274 Nos
998 2245 1218 2275 miseracione
1265 2241 1374 2275 diuina
1413 2241 1526 2275 Petrus
1563 2242 1760 2286 prepositus.
1817 2239 1989 2272 Jaroslaus

144 2298 306 2332 Decanus.
339 2299 511 2333 Johannes
534 2300 710 2334 paduanus
740 2301 855 2335 doctor
885 2302 1105 2336 decretorum.
1137 2302 1320 2347 Totumque
1341 2302 1521 2348 Capitulum
1545 2300 1696 2334 Ecclesie
1718 2300 1989 2333 lloleslauiensis.

144 2359 322 2403 Pragcnsis
356 2362 499 2394 diocesis
538 2361 688 2395 omnibus
723 2374 859 2408 quorum
899 2366 1036 2396 interest
1075 2363 1129 2396 vel
1158 2367 1323 2396 iuteresse
1352 2365 1471 2408 poterit
1500 2360 1742 2406 quomodolibet
1774 2364 1803 2393 in
1833 2360 1988 2393 futurum.

143 2423 291 2465 cupimus
321 2420 394 2454 fore
424 2426 548 2455 notum.
607 2421 700 2462 Quod
749 2434 808 2456 nos
846 2423 1028 2457 deliberato
1072 2426 1180 2457 animo
1224 2429 1253 2457 et
1292 2434 1458 2456 consensu
1490 2424 1634 2455 vnaniini
1666 2425 1808 2454 omnium
1839 2425 1986 2454 nostrum

143 2485 415 2526 compromissum
455 2493 513 2528 per
549 2482 668 2516 dietum
708 2483 872 2517 dominum
910 2484 1041 2517 Petrum
1080 2487 1282 2530 prepositum
1318 2487 1450 2517 nomine
1487 2493 1546 2515 suo
1577 2487 1605 2515 et
1637 2487 1751 2515 nostro
1782 2494 1819 2514 ac
1850 2481 1987 2526 Capituli

140 2545 244 2574 nostri
275 2542 314 2575 (le
344 2545 426 2575 scitu
458 2547 488 2576 et
521 2543 690 2576 voluntate
718 2548 831 2577 nostra
863 2548 892 2577 in
923 2544 1072 2578 Nobilem
1111 2548 1216 2578 virum
1247 2544 1411 2577 dominum
1444 2543 1657 2577 Czenlionem
1689 2542 1728 2575 de
1757 2541 1848 2588 Lipffi
1879 2542 1983 2574 Suni-
