2206 2735
1050 50 1116 82 tut

1032 161 1140 197 207.

935 239 990 273 11.
1022 240 1097 273 Mai
1127 239 1235 273 1353.

311 307 504 362 Jarossius
533 327 574 361 de
604 327 772 361 Dralmtus
801 331 832 361 et
862 326 915 361 sitii
946 326 1100 361 Beliussii
1130 327 1286 371 fatentur,
1316 338 1354 362 se
1374 326 1579 362 monasterio
1607 330 1713 363 sancti
1738 315 1855 362 Jn'cohi
1884 328 2008 362 ordinis

159 390 403 423 Prwmonstrat.
442 391 472 422 in
511 387 671 423 Olomucz
709 386 848 432 obligari
879 390 910 421 in
942 387 1042 433 ¹9¹s'2
1072 391 1202 423 marcis.
1259 387 1471 423 Fideiussor:
1508 388 1706 435 Woytyech
1736 388 2008 424 de'Otastuwicz

155 452 336 484 canonicus
367 448 613 483 Olonna-nnsis.
650 469 691 474 —
724 448 776 482 Dt.
809 447 969 482 Olomucz
1005 449 1098 483 1353
1128 453 1159 482 iu
1189 452 1257 493 vig.
1290 449 1517 483 l'eutecostes.

468 529 522 563 (Ex
548 528 618 561 orig.
645 527 672 553 in
698 527 775 555 nrcli.
803 527 919 561 capituli
946 528 1037 553 (unm.
1069 528 1191 553 extraxit
1218 528 1286 554 Ant.
1314 528 1435 556 lios-ck.)

1030 666 1138 701 2023.

161 745 307 788 Ludit-ly.
339 745 450 789 Ii'iim'y
479 756 542 777 ron
577 744 729 787 Unyarn.
764 747 900 787 entsayt
929 744 1019 777 aller
1048 744 1111 777 ilem
1142 744 1370 778 zusteleendeu
1401 745 1534 779 Reeme
1570 746 1636 789 aas
1657 745 1711 778 die
1740 744 2010 789 Herzoyllee'lmer

161 806 390 841 Selia-viduit:-
425 805 491 839 mtd
524 805 636 839 Janer
674 817 714 839 zu
752 805 903 839 Guusteu
939 805 982 838 Is.
1017 805 1109 838 Isin-l
1142 804 1204 839 IV.
1246 805 1314 839 um!
1348 805 1408 839 der
1444 805 1562 839 Krene
1601 805 1781 839 Bolemens.
1825 805 1884 839 Dt.
1926 806 2009 850 Ofen

934 865 993 899 27.
1024 865 1098 898 Mai
1130 865 1239 899 1353.

314 933 401 987 Ros
431 952 619 986 Ludovicus
650 952 711 986 Dei
739 955 853 997 gracia
883 951 1074 997 Huugarie,
1114 952 1306 996 Dalmacie,
1338 952 1499 999 Croaeie7
1534 953 1659 996 Bauio,
1691 953 1831 997 Servte,
1862 952 2011 996 Galliae,

162 1014 368 1056 Lodomerie,
399 1012 570 1055 Comauie,
603 1013 824 1059 l3ulgarieque
853 1013 942 1056 Rex,
973 1013 1131 1059 Princeps
1161 1013 1391 1048 Salernitauus
1421 1018 1452 1047 et
1480 1013 1614 1048 honoris
1645 1017 1764 1048 montis
1799 1017 1905 1049 sancti
1935 1014 2013 1048 An-

159 1075 224 1119 geli
254 1074 415 1108 Dominus
444 1079 555 1107 notum
586 1073 725 1107 facimus
757 1076 935 1107 vuiuersis.
968 1074 1063 1114 Quod
1093 1086 1154 1109 nos
1183 1073 1224 1107 ol)
1254 1077 1377 1109 amoris
1406 1077 1641 1118 sinceritatem,
1671 1087 1734 1121 quo
1763 1078 2011 1109 serenissimum

161 1147 199 1169 ac
228 1138 477 1169 invictissimum
508 1134 694 1180 Principem
731 1138 761 1168 et
794 1134 967 1168 Dominum
1007 1135 1183 1169 Dominum
1221 1135 1374 1169 Carolum
1408 1135 1632 1170 Romanorum
1669 1146 1804 1184 semper
1840 1141 2013 1181 augustum

160 1200 189 1229 et
220 1195 358 1229 Boemie
390 1195 516 1239 Regem
548 1194 703 1240 specialis
733 1194 927 1228 dileccionis
957 1195 1075 1229 favore
1105 1199 1355 1242 prosequinmr:
1394 1199 1524 1242 ipsique
1562 1200 1715 1241 tanquam
1750 1196 1836 1242 Regi
1867 1196 2012 1240 Boeinie‚

161 1256 338 1290 heredibus
369 1261 399 1290 et
429 1255 682 1290 successoribus
711 1259 782 1289 eius
813 1256 949 1289 Boemie
978 1255 1114 1301 regibus
1145 1261 1178 1290 et
1206 1257 1355 1291 eiusdem
1385 1260 1480 1302 regni
1509 1268 1633 1291 corone
1663 1261 1694 1290 in
1724 1262 1918 1304 perpetuum
1940 1257 2014 1291 Du-

160 1322 254 1351 catus
285 1315 555 1351 Switlnieensem
585 1321 617 1350 et
645 1316 845 1350 Jaureusem
876 1328 949 1351 cum
981 1317 1133 1351 omnibus
1163 1321 1310 1363 ipsorum
1341 1318 1526 1364 appendiis7
1557 1317 1718 1351 Dominiis
1749 1323 1781 1351 et
1800 1321 2014 1363 pertinenciis

160 1390 222 1412 nec·
251 1390 316 1412 nou
346 1381 453 1412 omnia
484 1381 569 1416 iura,
601 1389 663 1423 que
693 1377 806 1421 nobis,
836 1377 957 1423 Regno
987 1390 1047 1413 seu
1078 1378 1211 1412 Corone
1248 1378 1420 1423 IIungarie
1463 1381 1493 1411 in
1538 1377 1632 1412 dictis
1675 1377 1856 1412 Ducatibus
1898 1381 2014 1424 quauis

161 1442 296 1473 racione
325 1443 519 1484 competunt
547 1450 606 1472 seu
637 1438 793 1472 valebunt
822 1444 1025 1484 competere,
1055 1442 1115 1473 rite
1145 1438 1294 1473 dedimus
1325 1443 1356 1473 et
1384 1437 1594 1485 presentibus
1623 1443 1741 1484 sponte
1769 1450 1809 1472 ac
1837 1437 2015 1473 liberaliter

161 1512 338 1545 erogamus
369 1503 606 1533 renunciantes
637 1511 799 1545 expresse
830 1512 888 1545 pro
917 1500 1024 1544 nobis,
1053 1499 1223 1544 fratribus,
1254 1499 1430 1534 heredibus
1459 1511 1498 1533 ac
1519 1498 1774 1534 successoribus
1802 1502 1924 1534 nostris
1952 1510 2014 1534 re—

161 1561 257 1606 gibus
287 1560 457 1604 }Imigarie
486 1563 714 1606 ctunpetituris
744 1564 774 1593 et
803 1561 1069 1606 competentibus
1100 1564 1130 1595 in
1160 1561 1297 1595 eisdem.
1329 1561 1553 1594 Promittimus
1582 1562 1687 1593 eciam
1716 1559 1801 1593 bona
1822 1564 1855 1593 et
1882 1562 2013 1594 sincera

163 1621 223 1655 lide
253 1621 444 1666 supradicto
472 1621 697 1654 Romanorum
728 1632 860 1667 semper
888 1626 1029 1666 augusto
1059 1626 1089 1655 et
1120 1621 1255 1656 Boemie
1284 1621 1380 1666 Regi,
1411 1625 1565 1665 tanquam
1595 1623 1666 1664 regi
1695 1620 1830 1655 Boemie
1862 1620 1955 1655 fratri
1983 1624 2016 1655 et

162 1685 267 1716 amico
298 1686 411 1715 nostro
442 1680 651 1724 charissimo,
682 1680 858 1715 heredibus
890 1687 921 1716 et
951 1682 1209 1716 suecessoribus
1239 1685 1319 1725 suis,
1350 1682 1485 1715 Boemie
1513 1681 1683 1726 Regibus,
1714 1681 1787 1715 dnm
1818 1685 1850 1715 et
1878 1684 2014 1727 quocies

162 1745 307 1788 requisiti
338 1754 395 1775 seu
427 1745 537 1775 moniti
568 1741 738 1785 fuerimus,
769 1742 931 1777 aduersus
961 1743 1126 1789 quoslibet
1153 1746 1330 1777 invasores
1360 1756 1419 1778 seu
1458 1743 1585 1776 emulos
1623 1742 1826 1789 eorundem7
1863 1745 1916 1793 qui
1955 1753 2014 1777 eos

164 1808 193 1837 iu
224 1802 443 1849 predictorum
475 1803 672 1846 Ducatuurm
703 1803 953 1849 appeudiorum,
989 1803 1216 1838 Dominiorum
1255 1806 1373 1837 iuriuul
1410 1808 1441 1838 et
1478 1805 1759 1850 pertiuenciarum
1798 1806 2015 1849 possessione

163 1863 323 1910 impedire
352 1875 410 1896 seu
440 1861 617 1897 molestare
647 1864 900 1908 contenderent,
931 1869 1128 1911 oportunum
1158 1864 1351 1910 impendere
1373 1864 1530 1898 auxilium
1552 1865 1769 1908 etjuuamen.
1800 1863 2012 1898 Presencium

164 1924 223 1959 sub
252 1929 366 1958 nostre
395 1923 577 1957 Maiestatis
607 1924 714 1968 sigillo
744 1924 863 1970 duplici
893 1928 1079 1959 testimonio
1108 1926 1288 1959 literarum.
1335 1925 1453 1959 Datum
1484 1925 1574 1959 Bude
1613 1925 1712 1958 Anno
1742 1924 1873 1957 Domini
1900 1923 2013 1958 Mille-

150 1988 248 2033 simo
278 1988 513 2019 trecentesimo
543 1988 817 2031 quiuqmigesiuio
855 1989 958 2019 tercio
998 1991 1097 2020 sexto
1137 1986 1302 2020 Calendus
1338 1986 1438 2029 Junii,
1480 1986 1588 2030 Regni
1631 1990 1739 2019 autem
1780 1987 1885 2019 nostri
1926 1996 2013 2019 anno

164 2046 370 2080 duodecimo.

473 2095 546 2133 (Ans
570 2099 623 2123 den
648 2099 748 2125 Privil.
775 2098 868 2133 Regni
897 2100 1012 2127 notum.
1038 2100 1170 2126 Manusk.
1196 2100 1231 2124 im
1256 2099 1502 2134 Landosarchive‚
1527 2098 1607 2132 Sign.
1631 2099 1669 2126 M.
1687 2099 1750 2124 VII.
1777 2098 1825 2130 28,
1850 2095 2013 2136 1›.253fb,)

1040 2228 1146 2264 2⁰9.

939 2307 1000 2342 27.
1033 2307 1106 2340 Μαί
1133 2305 1244 2340 1353.

319 2373 485 2437 Ludwig
521 2392 631 2437 Konig
668 2404 733 2427 von
770 2392 908 2438 Ungarn
944 2392 1152 2427 beurkundet
1188 2392 1240 2426 die
1277 2392 1451 2426 zwischen
1494 2393 1606 2426 seiner
1647 2390 1766 2427 Niclite
1810 2392 1908 2426 Anna
1946 2402 2011 2426 von

165 2452 394 2487 Scluveidnitz
422 2453 488 2487 und
519 2452 638 2486 Kaiser
666 2453 744 2487 Karl
775 2453 831 2487 IV.
861 2453 1127 2498 geschlossenen
1156 2452 1364 2499 Ehepakten.
1395 2453 1447 2487 Dt.
1478 2452 1579 2486 Bude.

473 2521 564 2559 (Zwei
591 2523 670 2557 Orig.
696 2523 733 2549 im
757 2523 784 2549 k.
810 2523 837 2549 k.
862 2523 927 2557 geh.
954 2523 1081 2549 Archive
1106 2523 1134 2549 in
1161 2524 1262 2555 VVien3
1287 2523 1406 2558 abgedr.
1431 2523 1458 2549 in
1484 2522 1587 2549 Balbin
1611 2521 1662 2551 IV.
1687 2523 1752 2558 45.)
