2206 2735
1104 72 1147 105 41

206 188 366 233 Regibus,
397 189 537 223 dominis
566 191 701 229 nostris,
730 191 762 220 et
790 198 807 220 a
837 186 966 220 Corona
988 185 1098 229 Regni
1120 183 1255 218 Boemie
1285 182 1421 228 predicti
1452 185 1482 215 in
1504 181 1635 215 l'eudum
1665 192 1739 215 cum
1761 180 1878 214 debitis
1907 185 1938 213 et
1966 191 2052 213 con-

199 253 302 283 suetis
339 248 635 296 sollempnitatibus
677 252 711 281 et
747 247 944 281 cerimoniis
980 249 1176 279 reuerenter
1214 245 1405 288 suscipere,
1450 240 1586 286 Sibique
1623 252 1662 274 ac
1691 241 1786 275 dictis
1817 240 1992 274 heredibus
2022 245 2053 273 et

201 310 463 344 Successor-ibus
492 313 525 343 et
554 308 684 342 Corone
714 308 853 354 prefate7
892 312 1057 350 tamquam
1087 307 1188 347 veris,
1224 304 1412 345 ordinariis,
1449 301 1652 335 naturalibus
1689 306 1722 335 et
1751 301 1959 335 hereditariis
1989 301 2052 334 do-

201 374 298 404 minis
328 373 459 412 nostris,
491 369 668 411 fidelitatis„
699 368 851 413 Homagii
882 367 1107 401 Subiectionis
1143 370 1175 398 et
1209 364 1411 408 obedientie7
1447 365 1531 396 sicut
1569 365 1598 395 in
1636 365 1847 407 susceptione
1882 362 2052 396 feudorum

202 436 398 465 consuetum
429 434 479 463 est
508 430 592 467 lieri,
623 429 662 462 ad
694 432 798 463 instar
826 428 1105 474 predecessorum
1136 430 1323 459 nostrorum
1345 423 1484 457 condam
1506 421 1732 456 Marchionum
1755 422 1873 456 ibidem
1904 427 2054 468 prestare

202 497 235 525 et
263 492 375 524 l'acere
404 490 592 536 corporalia
622 492 816 523 iuramenta.
849 488 962 522 Dictus
991 498 1121 533 quoque
1149 486 1299 520 dominus
1332 489 1365 518 et
1394 484 1498 518 frater
1527 488 1642 517 noster
1671 483 1813 517 heredes
1842 488 1872 517 et
1903 484 2054 518 Succes-

203 562 298 586 sores
327 554 376 585 sui
410 551 545 584 Boemie
583 551 703 584 domini
743 553 861 591 nostri,
906 560 966 582 nos
1007 547 1146 581 heredes
1185 551 1215 580 et
1252 545 1457 592 proheredes
1486 549 1618 578 nostros
1648 542 1862 579 Marchiones
1892 544 2052 587 Moranie„

203 617 366 656 tamquam
397 612 478 645 alios
508 610 618 655 Regni
647 615 679 644 et
707 609 838 643 Corone
869 609 1003 643 Boemie
1030 609 1201 654 Principes
1230 611 1262 640 et
1291 606 1437 640 vasallos
1467 605 1507 639 ab
1537 605 1811 651 oppressionibus
1840 606 1994 639 violentis
2022 610 2055 639 et

203 675 328 706 iniuriis
359 675 441 705 tueri
471 676 504 705 et
532 671 714 705 defendere
743 670 954 704 tenebuntur.
1012 669 1052 703 Et
1080 671 1232 714 quamvis
1262 668 1302 701 de
1331 667 1411 701 Jurc
1440 669 1607 700 communi
1637 670 1669 699 et
1699 669 1842 713 positiuo
1880 669 2054 703 consistat„

203 733 288 778 quod
319 733 458 773 vasallo„
489 743 553 765 non
583 731 708 765 relictis
737 731 904 775 legittimiS
934 730 1107 764 Masculini
1138 740 1242 763 sexus
1263 728 1453 765 heredibus„
1484 731 1657 769 moriente,
1689 728 1820 761 feudum
1851 728 1891 761 ‹le
1921 731 1968 761 sui
1991 739 2055 761 na-

205 798 287 828 tura.
318 794 357 827 ad
389 796 490 839 ipsius
519 792 605 826 feudi
635 792 802 825 dominum
833 795 916 825 iusto
947 792 1052 837 tytulo
1082 795 1280 825 reuertatur.
1313 789 1440 822 Tamen
1471 793 1502 822 vt
1535 791 1585 821 via
1610 788 1829 822 dubietatibus
1850 793 1882 821 et
1902 789 2055 834 calump-

206 857 266 887 niis
297 853 443 899 preclndi
472 853 594 893 valeat,
625 853 766 886 consilio
796 854 932 887 saniori.
968 852 1073 887 dictus
1103 852 1254 886 dominns
1285 855 1316 884 et
1345 850 1446 883 frater
1476 854 1600 887 nostem
1636 852 1871 895 pronuntiauit„
1907 848 2054 882 difliniuit

203 920 235 948 et
264 918 294 948 in
323 918 391 948 suis
422 915 538 947 litteris
568 914 767 953 declarauit„
811 918 846 946 vt
875 916 1035 957 quociens
1070 924 1147 949 nos„
1191 913 1333 946 heredes
1362 917 1416 945 ant
1444 911 1649 957 proheredes
1680 915 1810 945 iitistros
1845 910 2055 945 Marchioncs

206 974 363 1011 Horauie.
395 974 521 1020 absque
550 973 723 1008 Masculini
753 985 856 1007 sexus
887 974 1063 1008 heredibus
1093 976 1264 1018 continget
1293 973 1471 1011 decedere„
1514 972 1598 1018 quod
1628 972 1876 1006 Marchionatus
1906 971 2056 1006 Morauie

205 1036 384 1082 predictus.
415 1035 452 1068 ad
485 1038 601 1080 ipsum„
632 1035 774 1069 heredes
803 1040 835 1068 et
856 1046 1077 1068 successores
1108 1037 1207 1080 ipsius
1238 1034 1350 1078 Reges
1375 1034 1521 1075 Boemie,
1552 1034 1702 1067 dominos
1724 1038 1868 1075 nostros,
1900 1038 1930 1066 et
1960 1036 2055 1067 eius-

204 1097 276 1129 dem
307 1096 414 1140 Regni
437 1095 599 1129 Coronam
630 1095 757 1139 absque
786 1095 978 1129 difficultate
1007 1095 1111 1129 libere
1139 1099 1335 1128 reuertatur.
1369 1094 1411 1128 Vt
1441 1099 1550 1128 tamen
1580 1095 1685 1128 dictus
1715 1094 1866 1128 dominus
1896 1098 1927 1127 et
1956 1094 2057 1127 frater

205 1161 329 1192 noster.
361 1155 501 1189 heredes
532 1160 563 1188 et
592 1156 821 1189 Successoi-es
850 1158 898 1189 sui
931 1155 1066 1189 Boemie
1095 1155 1211 1200 Reges
1250 1156 1370 1189 domini
1411 1158 1530 1198 nostri,
1573 1157 1624 1189 uel
1660 1155 1742 1189 alter
1772 1167 1883 1189 corum
1915 1159 1968 1201 qni
1998 1166 2056 1201 pro

204 1223 352 1263 tempore
380 1216 490 1259 fuerit,
531 1221 675 1259 nostraQ
713 1216 869 1249 heredum
908 1221 941 1250 et
976 1216 1195 1262 proheredum
1230 1221 1418 1250 nostrorum
1454 1216 1548 1255 filiasq
1585 1219 1611 1250 si
1641 1227 1722 1261 quas
1752 1216 1986 1256 dimiserimus„
2017 1215 2056 1249 ad

205 1282 323 1312 statum
353 1277 510 1310 ordinare
541 1277 726 1319 decentem⁷
758 1282 789 1310 et
819 1288 931 1311 earum
962 1277 1105 1313 cuilibet.
1137 1277 1211 1310 dum
1240 1276 1450 1310 Matrimonio
1484 1278 1640 1322 copulate
1670 1277 1802 1313 fuerint„
1842 1289 1858 1310 a
1890 1277 1941 1310 (lie
1969 1288 2057 1310 con-—

204 1343 330 1372 sumate
359 1338 490 1383 copule„
519 1337 604 1371 infra
635 1349 734 1371 vnum
764 1349 885 1371 annum
907 1338 1139 1371 decurrentem
1160 1340 1328 1379 continuo,
1359 1338 1399 1371 de
1422 1337 1547 1371 Decem
1568 1337 1700 1372 Mililms
1721 1337 1907 1371 Marcarnm
1930 1341 2057 1382 argenti

204 1409 397 1443 grossorum
428 1398 645 1442 Prugensium
676 1401 866 1444 pagamenti
904 1397 1042 1442 Regalis
1076 1398 1117 1432 de
1151 1401 1298 1444 pecuniis
1337 1398 1456 1437 Rei-ne,
1493 1409 1557 1443 que
1596 1398 1637 1431 ol)
1677 1398 1816 1432 eandem
1854 1409 1988 1432 causam
2027 1401 2056 1431 in

206 1459 434 1493 Marchionatu
465 1458 624 1505 predicte„
655 1462 829 1493 instaurari
859 1458 1000 1496 debebit„
1032 1459 1230 1493 tenebuntur
1260 1463 1292 1492 ut
1321 1462 1400 1493 iuris
1431 1464 1493 1497 est„
1524 1464 1555 1492 et
1575 1459 1775 1493 obseruante
1805 1459 2057 1492 consuetudinis

204 1520 388 1566 prouidere.
423 1520 554 1553 Adiecit
583 1523 680 1553 etiam
710 1520 816 1553 dictus
845 1520 947 1553 frater
975 1524 1091 1553 noster
1119 1524 1151 1553 et
1179 1520 1343 1559 dominus„
1382 1520 1421 1553 de
1460 1521 1619 1565 singulari
1657 1531 1794 1553 munere
1830 1522 1945 1565 gracie
1975 1531 2058 1565 spe-

203 1582 306 1619 cialis,
343 1586 374 1614 et
413 1580 454 1613 ob
493 1580 578 1614 illum
615 1582 816 1614 sinceritatis
855 1580 1006 1613 affectum
1045 1592 1109 1625 quo
1147 1591 1208 1614 nos
1246 1583 1457 1626 prosequitur
1492 1580 1659 1621 fauorose„
1697 1585 1729 1614 ut
1758 1583 1911 1626 quotiens
1942 1584 2057 1626 ipsumq

204 1653 300 1687 quem
330 1642 412 1676 deus
443 1641 626 1683 custodiat,
656 1640 800 1674 heredes
830 1646 884 1674 aut
913 1641 1139 1676 Successores
1169 1644 1285 1687 ipsius„
1324 1641 1438 1686 Reges
1470 1641 1605 1675 Boemie
1635 1641 1786 1675 dominos
1817 1646 1962 1683 nostros,
1993 1652 2058 1675 non

210 1703 331 1736 relictis
361 1701 534 1735 Masculini
580 1712 683 1736 sexus
715 1701 890 1736 heredibus
928 1702 968 1735 ab
1004 1702 1066 1735 hac
1103 1703 1177 1736 luce
1215 1707 1359 1746 migrare
1396 1705 1587 1747 continget‚
1627 1701 1712 1746 quod
1747 1706 1870 1735 extunc
1906 1701 2059 1746 Regnum

211 1763 342 1796 Boemie
372 1762 548 1808 prefatum.
579 1772 709 1796 necnon
740 1772 855 1796 omnes
884 1762 1091 1808 Principatus
1130 1767 1162 1796 et
1191 1763 1353 1802 dominia„
1397 1774 1461 1808 que
1498 1763 1536 1796 ad
1576 1762 1695 1796 dictmn
1731 1762 1885 1806 Regnum
1925 1762 2060 1795 Boemie

209 1826 383 1868 pertinent5
415 1826 605 1857 nominatim
636 1823 818 1857 Comitatus
848 1823 1151 1868 Lucemburgensis
1180 1835 1253 1858 cum
1282 1823 1434 1857 omnibus
1464 1825 1532 1857 suis
1563 1825 1784 1869 pertinentiis„
1823 1823 1860 1856 ad
1897 1833 1968 1865 nos,
2007 1827 2060 1856 aut

209 1883 304 1916 nobis
334 1894 399 1916 non
429 1883 650 1917 existentibus
685 1882 826 1917 heredes
855 1895 914 1917 seu
943 1884 1147 1930 proheredes
1182 1889 1314 1918 nostros
1344 1884 1521 1929 legittimos
1560 1883 1672 1917 Sexus
1706 1882 1879 1917 Masculini
1910 1883 2059 1916 Morauie

210 1944 421 1977 Marchiones
460 1943 584 1989 absque
612 1943 793 1977 Eleccione
829 1946 901 1978 siue
938 1947 1164 1990 assumptione
1197 1945 1272 1984 alia„
1309 1950 1342 1979 et
1377 1944 1501 1990 alisque
1537 1943 1728 1978 difficultate
1775 1943 1918 1989 qualibet
1952 1944 2060 1977 deuo-

210 2005 326 2046 luatur„
364 2004 405 2038 Et
434 2004 519 2050 quod
551 2007 578 2039 is
608 2007 701 2039 cuius
727 2009 805 2038 tunc
824 2005 906 2039 ²lure
934 2005 1076 2050 prefato,
1111 2010 1142 2039 et
1170 2009 1291 2041 virtute
1320 2006 1556 2039 declarationis
1586 2004 1734 2051 predicte
1764 2008 1932 2039 interesse
1962 2005 2061 2038 vide—

210 2064 313 2106 bitur3
356 2068 395 2098 in-
424 2065 560 2099 Boemie
594 2065 725 2109 Regem
763 2068 905 2109 assumi,
942 2071 975 2100 et
1003 2065 1164 2100 Coronari
1201 2065 1319 2100 debeat
1354 2065 1589 2111 impedimento
1626 2064 1770 2111 quolibet
1798 2076 1863 2099 non
1893 2065 2058 2099 obstante.

209 2127 271 2166 Qui
300 2125 442 2172 denique
471 2125 547 2159 dicti
577 2126 696 2160 domini
726 2130 758 2159 et
784 2126 895 2161 fratris
926 2130 1042 2169 nostri,
1072 2127 1229 2161 heredum
1259 2131 1290 2160 et
1318 2125 1538 2173 proheredum
1560 2129 1632 2161 siue
1652 2126 1894 2160 Successorum
1925 2137 2058 2159 suorum

211 2186 340 2230 Regum
361 2186 497 2220 Boemie
528 2187 734 2220 dominorum
764 2191 953 2221 nostrorum
975 2187 1115 2229 filiabus„
1146 2191 1173 2222 si
1194 2198 1275 2233 quas
1295 2187 1492 2227 dimiserint,
1522 2187 1563 2220 de
1584 2190 1781 2231 congruenti
1802 2191 1900 2225 statu„
1931 2198 2059 2220 secun-

209 2247 282 2280 dum
312 2246 422 2292 Regni
452 2247 588 2281 Boemie
626 2248 899 2282 consuetudinem
935 2248 1150 2294 approbatam
1187 2248 1351 2282 tenebitur
1388 2252 1420 2281 et
1458 2247 1590 2281 debebit
1624 2247 1783 2281 decenter
1816 2253 1848 2281 et
1884 2246 2059 2292 magnifice

211 2307 397 2351 prouidere.
428 2307 544 2354 Neque
572 2308 783 2354 supradictus
813 2308 963 2343 dominus
992 2314 1026 2343 et
1054 2309 1157 2343 frater
1186 2314 1312 2350 noster,
1344 2308 1485 2343 heredes
1515 2309 1566 2342 nel
1597 2319 1817 2343 successores
1846 2311 1895 2342 sui
1925 2307 2060 2341 Boemie

210 2366 336 2411 Regesq
371 2368 493 2401 domini
528 2371 650 2412 nostri,
687 2368 848 2414 prefatum
884 2369 1037 2413 Regnum
1067 2369 1216 2410 Boemie„
1252 2374 1306 2403 aut
1342 2381 1401 2404 nos
1439 2369 1582 2403 heredes
1619 2380 1677 2403 seu
1708 2368 1912 2415 proheredes
1943 2371 2059 2406 nostri„

211 2426 613 2474 MarchionengoraviQ
644 2428 905 2463 Marchionatum
935 2430 1075 2464 eundem
1106 2433 1135 2463 in
1166 2435 1232 2464 toto
1261 2432 1312 2464 uel
1343 2433 1374 2464 in
1404 2435 1508 2476 parte,
1538 2433 1729 2472 occasione„
1760 2430 1897 2463 filiarum
1923 2433 2060 2462 nostra-

211 2498 280 2520 rum
312 2488 485 2535 vtrobique
515 2494 569 2523 aut
598 2491 659 2523 alia
689 2501 790 2524 causa
820 2501 1026 2536 quacumque
1056 2491 1193 2529 donare,
1224 2491 1384 2525 vendere.
1414 2491 1565 2536 obligare
1594 2495 1649 2524 aut
1678 2490 1825 2523 alineare
1853 2488 2059 2523 debebimus.

211 2548 318 2593 aliquo
349 2548 630 2584 dimembrationis
661 2555 714 2584 aut
743 2554 1018 2596 sequestrationis
1049 2551 1157 2592 modo,
1188 2562 1251 2597 quo
1273 2551 1390 2597 prefati
1410 2551 1518 2596 Regni
1546 2550 1680 2584 Boemie
1701 2550 1831 2584 Corona
1854 2549 2060 2595 Principatus

1860 2621 1874 2644 (5
