2206 2735
1083 71 1152 104 195

1068 234 1173 269 260.

207 321 385 367 Vergyleide.
426 320 593 356 zwischetz
628 320 699 354 clem
734 310 1016 365 Konv'qinltloster
1051 320 1118 353 und
1151 319 1223 352 dem
1252 317 1399 353 Probste
1435 329 1499 352 ron
1535 317 1745 352 Althemzlau
1776 318 1954 364 bez-iiqlv'ek
1983 320 2042 353 (les

486 390 748 426 itseinzekentes
777 391 809 423 in
839 389 1007 423 Nilcole'z'c.
1037 388 1097 422 Dt.
1128 387 1409 432 Isoniyinlcloster
1434 387 1492 421 15.
1523 387 1623 421 Ma'rz
1654 386 1763 421 1354.

351 458 395 512 ln
426 479 561 512 nomine
590 476 713 511 domini
741 477 863 510 Amen.
894 474 962 510 Nos
992 474 1126 509 Czenko
1156 474 1196 508 de
1223 473 1316 520 Lypa
1338 473 1493 508 Summus
1523 476 1619 518 regni
1648 473 1778 508 boemie
1798 474 2041 521 Marschalcus,

199 542 230 572 ct
260 537 430 572 ,lohannes
472 536 632 583 plebanus
669 539 700 570 in
741 535 916 583 Dyniukur
952 538 1126 581 pragensis
1164 534 1317 578 diocesis,
1356 534 1467 568 arbitri
1502 534 1717 569 arbitratores
1756 546 1814 570 seu
1850 536 2042 572 amicabiles

197 601 438 644 compositores
468 597 507 631 ab
537 596 720 631 honorabili
750 599 822 630 viro
851 595 983 630 domino
1013 600 1105 641 petro
1126 598 1297 641 preposito
1323 594 1559 629 bolaslauieusi
1591 595 1676 629 dicte
1697 600 1875 641 pragensis
1897 597 2042 632 diocesis

197 661 328 692 nomine
358 668 418 691 suo
448 662 479 691 et
509 657 657 691 eiusdem
686 668 745 691 sue
774 656 917 690 ecclesie
956 660 987 689 et
1025 667 1042 690 a
1080 655 1330 690 venerabilibus
1359 660 1389 689 et
1419 655 1599 700 Religiosis
1628 656 1746 702 puellis
1774 656 1948 692 Elizabeth
1978 658 2042 693 ab-

197 718 330 752 batissa.
361 717 522 752 Katerina
560 720 731 764 priorissa,
768 721 902 761 totoque
938 720 1104 750 conuentu
1136 716 1434 749 sanctimonialium
1465 715 1660 750 'Monasterii
1689 717 1763 751 aule
1792 722 1908 751 sancte
1936 718 2041 753 Marie

197 783 227 812 in
258 782 390 824 antiqua
430 779 557 812 brunna
595 778 720 812 ordinis
758 778 991 811 Cisterciensis
1030 776 1260 810 Olomucensis
1297 776 1442 810 diocesis
1476 779 1610 810 nomine
1647 788 1707 811 suo
1743 781 1775 811 et
1813 778 1961 812 eiusdem
1991 783 2040 813 sui

196 838 391 873 Monasterii
423 839 530 885 Super
559 850 671 882 causa,
701 838 756 872 lite
785 843 817 872 et
846 840 1074 872 controuersia
1112 835 1351 890 inter-dictum
1383 836 1548 870 dominum
1577 836 1709 871 Petrum
1740 843 1772 871 et
1800 849 1892 872 suam
1923 840 2041 873 eccle-

198 903 279 933 siam
318 911 361 933 ex
397 910 462 933 vna
498 904 528 932 et
564 899 776 933 Abbatissam
820 903 851 932 et
887 898 1091 932 Conuentum
1134 896 1297 943 prefatum
1336 902 1429 943 parte
1467 908 1511 931 ex
1547 897 1649 931 altera
1679 903 1832 933 vertente
1862 904 1892 933 et
1922 899 2040 934 dudum

199 965 296 1003 mota,
337 970 436 1005 super
469 958 662 1005 quibusdam
699 958 862 993 monthus
898 962 982 992 inter
1010 959 1170 1003 Auspecz
1205 962 1236 991 et
1270 956 1462 992 Nikolczicz
1500 958 1587 991 dicte
1625 957 1858 993 Olomucensis
1896 960 2042 996 diocesis

197 1025 344 1063 situatas,
374 1020 529 1054 videlicet
558 1019 756 1066 Scbonperg
784 1020 892 1054 medio
922 1020 976 1054 vel
1004 1023 1097 1062 citra,
1128 1018 1275 1054 Murker.
1304 1018 1416 1065 VVyse
1445 1022 1516 1053 siue
1536 1018 1863 1066 Nilzolcziczerperg,
1885 1021 2042 1067 phaffen—

198 1093 280 1128 perg
309 1086 341 1115 et
370 1080 525 1127 Nusperg
554 1084 764 1126 nuncupatis,
795 1092 833 1114 ac
862 1082 981 1123 vineis,
1012 1082 1103 1124 agris
1132 1079 1226 1113 cultis
1255 1083 1287 1113 et
1314 1079 1460 1123 incultis,
1490 1083 1626 1125 pascuis
1657 1085 1688 1114 et
1718 1084 1822 1126 pratis
1852 1085 1884 1116 in
1914 1082 2040 1117 eisdem

198 1141 360 1176 montibus
389 1146 422 1175 et
450 1144 537 1175 circa
566 1144 657 1187 ipsos
686 1144 767 1184 sitis,
797 1152 836 1174 ac
865 1152 966 1186 super
994 1139 1154 1174 fructibus
1184 1145 1215 1173 et
1243 1139 1460 1186 prouentibus
1490 1139 1529 1173 ab
1559 1140 1683 1174 eisdem
1706 1141 1882 1185 montibus,
1920 1146 2041 1185 vineis,

197 1205 298 1247 agris,
329 1204 428 1248 pratis
458 1206 490 1235 et
518 1204 655 1247 pascuis
684 1212 743 1246 per
772 1201 876 1235 dictas
905 1200 1121 1235 Abbatissam
1155 1204 1188 1235 et
1217 1200 1424 1234 Conuentum
1459 1204 1639 1247 perceptis,
1677 1201 1817 1236 Necnon
1847 1214 1946 1249 super
1974 1214 2042 1237 ex-

199 1266 311 1309 pensis
342 1262 417 1296 hinc
447 1266 477 1295 et
506 1261 580 1295 inde
610 1265 640 1295 in
670 1262 724 1295 lite
752 1261 860 1305 factis,
890 1261 931 1295 Et
959 1261 1163 1306 generaliter
1192 1272 1292 1307 super
1320 1261 1472 1295 omnibus
1503 1262 1574 1296 aliis
1604 1262 1842 1307 questionibus,
1873 1263 1981 1298 litibus
2011 1269 2043 1298 et

197 1325 445 1364 controuersiis,
476 1333 539 1367 que
559 1326 744 1365 vertuntur,
774 1333 832 1356 seu
862 1332 1069 1367 quocumque
1098 1321 1194 1355 modo
1224 1324 1404 1356 occasione
1432 1325 1668 1368 premissorum
1689 1327 1775 1357 verti
1804 1327 1930 1370 possint
1958 1327 2043 1358 inter

197 1394 267 1424 eos,
296 1386 329 1416 in
358 1385 601 1429 compromisso
640 1393 740 1428 super
774 1382 838 1416 hoc
877 1382 962 1416 edito
999 1385 1170 1428 expressis
1212 1383 1266 1416 vel
1309 1393 1374 1416 non
1417 1386 1603 1428 expressis,
1647 1394 1705 1429 pro
1743 1395 1780 1418 se
1823 1387 1957 1430 suisque
2000 1396 2043 1419 ex

197 1448 335 1489 Vtraque
364 1448 458 1489 parte
488 1442 753 1486 successoribus,
784 1442 824 1476 de
853 1443 918 1477 alto
948 1447 980 1477 et
1007 1442 1108 1477 basso
1138 1443 1324 1477 voluntarie
1354 1448 1384 1477 et
1414 1454 1457 1477 ex
1477 1449 1569 1478 certa
1588 1447 1736 1490 ipsorum
1757 1448 1915 1489 sciencia,
1950 1450 2045 1491 prout

196 1508 227 1537 in
258 1504 362 1537 forma
393 1503 467 1536 dicti
505 1506 737 1549 compromissi
772 1503 867 1537 nobis
906 1503 964 1537 suh
994 1514 1090 1537 mauu
1120 1503 1248 1549 publica
1278 1504 1416 1538 exhibiti
1444 1505 1574 1550 plenius
1603 1508 1800 1549 continetur,
1832 1506 2043 1540 concorditer

198 1564 306 1606 electi,
335 1564 392 1597 Sic
428 1564 532 1598 frater
569 1564 740 1598 Johannes
775 1567 996 1598 miseracione
1033 1564 1142 1598 diuina
1181 1564 1296 1598 Abbas
1324 1564 1517 1599 Monasterii
1552 1568 1584 1599 in
1614 1565 1769 1599 Czedlicz
1803 1566 1878 1600 dicti
1909 1566 2041 1601 Cister-

197 1627 321 1658 ciensis
358 1624 482 1658 ordinis
518 1624 646 1671 prefate
681 1628 857 1671 pragensis
895 1625 1050 1668 diocesis,
1098 1636 1156 1671 per
1198 1625 1303 1659 dictos
1347 1625 1496 1660 dominos
1533 1626 1746 1660 Czenkonem
1782 1631 1815 1661 et
1853 1626 2039 1662 Johannen]

197 1685 338 1719 arbitros
369 1696 427 1719 seu
457 1685 671 1720 arbitratores
707 1685 766 1720 sub
805 1685 857 1719 illa
893 1685 1053 1729 clausula,
1090 1691 1125 1720 vt
1163 1689 1267 1732 possit
1304 1697 1363 1731 per
1398 1697 1435 1720 se
1472 1687 1526 1720 vel
1555 1698 1614 1732 per
1643 1687 1726 1721 alios
1755 1687 1810 1722 vel
1839 1688 1935 1722 simul
1964 1699 2037 1721 cum

196 1746 259 1779 alio
290 1745 341 1779 vel
371 1746 442 1779 aliis
471 1758 553 1792 quos
582 1746 643 1781 sibi
673 1749 803 1780 sociare
833 1746 1007 1789 voluerint,
1044 1749 1239 1780 examinare
1274 1750 1305 1779 et
1341 1757 1550 1791 cognoscere
1586 1751 1617 1780 et
1654 1750 1741 1781 circa
1778 1750 1811 1781 in
1839 1751 1912 1793 ipso
1939 1759 2037 1782 com—

195 1809 361 1852 promisso
391 1817 569 1852 expressa,
600 1806 811 1840 concorditer
839 1811 1026 1852 assumptus
1065 1807 1230 1841 accedere
1258 1807 1469 1841 nihilominus
1499 1807 1537 1841 ad
1567 1807 1631 1841 hoc
1661 1818 1705 1842 ex
1734 1807 2038 1854 suprahabundanti

197 1867 357 1900 dictarum
397 1869 543 1912 parcium
583 1877 750 1900 consensu
786 1870 948 1909 vnanimi,
992 1867 1180 1901 voluntario
1210 1872 1241 1901 et
1270 1879 1444 1913 expresso,
1481 1870 1577 1911 visis.
1621 1868 1751 1912 auditis,
1795 1869 1969 1904 intellectis
2010 1875 2043 1904 et

195 1929 393 1961 examinatis
424 1927 603 1960 earundem
632 1930 780 1972 parcium
810 1927 945 1971 iuribus,
977 1927 1221 1961 deliberacione
1249 1927 1423 1962 nobiscum
1453 1933 1485 1962 et
1514 1939 1587 1962 cum
1617 1931 1697 1963 iuris
1726 1932 1839 1975 peritis
1868 1929 2043 1975 prehabita

196 1988 354 2032 diligenti,
385 1986 534 2033 partibus
571 1989 602 2020 in
640 1992 752 2022 nostra
789 1991 962 2034 presencia
998 1991 1186 2022 constitutis
1223 1993 1255 2022 et
1287 1992 1563 2034 compromissum
1592 1989 1775 2034 predictum
1806 1989 1865 2024 sub
1894 2001 1980 2036 pena
2010 1994 2043 2024 et

196 2047 345 2082 omnibus
382 2052 414 2086 et
449 2048 588 2092 singulis
628 2048 787 2091 articulis,
834 2051 964 2094 punctis
1000 2053 1032 2082 et
1069 2049 1220 2094 capitulis
1263 2053 1295 2083 et
1332 2048 1392 2084 sub
1422 2052 1509 2083 omni
1538 2049 1635 2083 modo
1665 2054 1697 2084 et
1725 2050 1831 2084 forma
1860 2053 1892 2084 in
1923 2050 2040 2084 eodem

196 2111 434 2154 compromisso
464 2111 637 2154 expressis
667 2108 853 2142 voluntarie
882 2114 914 2142 et
943 2109 1152 2143 concorditer
1179 2109 1453 2156 approbantibus,
1482 2110 1721 2145 ratificantibus
1750 2115 1780 2144 et
1809 2111 2041 2145 innouantibus

196 2181 235 2203 ac
270 2168 421 2202 omnibus
462 2169 534 2203 aliis
577 2168 838 2213 allegacionibus
872 2172 952 2203 iuris
982 2170 1036 2204 vel
1065 2169 1142 2203 sacti
1171 2170 1443 2204 renunciantibus
1472 2175 1508 2205 et
1535 2170 1665 2205 laudum
1695 2182 1755 2206 seu
1785 2171 1952 2206 arbitrium
1982 2183 2042 2217 per

195 2240 255 2263 nos
293 2229 372 2262 ferri
411 2239 486 2262 cum
523 2231 683 2262 instancia
719 2229 920 2276 petentibus,
954 2241 1014 2276 pro
1048 2230 1135 2264 bono
1171 2234 1262 2276 pacis
1290 2235 1321 2265 et
1350 2231 1541 2275 concordie,
1572 2231 1692 2266 Christi
1721 2235 1854 2266 nomine
1882 2235 2039 2266 inuocato

195 2301 239 2324 ex
269 2293 386 2334 vigore
425 2289 499 2323 dicti
536 2292 763 2335 compromissi
799 2290 1000 2335 ordinamus,
1047 2291 1231 2334 laudamus,
1278 2291 1484 2335 arbitramur,
1531 2291 1721 2335 diffinimus,
1765 2292 1903 2327 dicimus
1943 2297 2040 2337 atque

195 2353 406 2396 precipimus,
437 2350 530 2391 Quod
560 2350 743 2384 Abbatissa
772 2355 805 2384 et
835 2349 1025 2385 Conuentus
1054 2351 1181 2397 prefate
1201 2351 1331 2386 Montes
1362 2353 1488 2386 scilicet
1506 2351 1674 2399 Nusperg,
1695 2352 1913 2399 phaffenberg
1932 2364 2040 2398 vsque

196 2410 235 2444 ad
265 2415 357 2456 prata
387 2414 418 2444 et
446 2421 572 2456 pascua
601 2410 788 2444 immediate
818 2411 958 2445 eundem
988 2417 1134 2446 montem
1164 2414 1366 2457 attingencia
1395 2412 1569 2447 exclusiue
1597 2416 1629 2447 in
1658 2414 1819 2459 Auspecz
1849 2417 2041 2460 spectancia

196 2482 267 2504 cum
298 2474 406 2506 vineis
435 2472 514 2506 solis
544 2475 699 2506 montium
729 2471 922 2515 eorundem,
960 2484 998 2507 ac
1035 2476 1178 2519 quinque
1215 2473 1373 2519 quartalia
1402 2476 1574 2508 vinearum
1617 2485 1660 2508 ex
1702 2477 1854 2520 opposito
1891 2474 2038 2509 eiusdem

196 2534 314 2565 montis
343 2531 559 2577 phaffenberg
598 2543 717 2566 versus
763 2532 969 2567 occidentem
1013 2536 1160 2575 sitarum,
1209 2544 1344 2579 quorum
1392 2533 1455 2568 (luo
1491 2534 1633 2569 Maczko
1662 2534 1837 2578 Kolaczer,
1869 2537 1928 2568 tria
1958 2546 2040 2569 uero

1839 2605 1896 2630 357².-
