2206 2735
1109 66 1182 101 245

221 183 375 226 fecimus„
406 182 558 217 defectus
587 184 852 226 vniuscuiusque
886 179 1113 214 mensurando
1148 184 1180 212 et
1209 180 1349 223 singulis
1379 183 1525 225 ipsorum
1556 183 1647 214 iuxta
1678 182 1784 226 ipsam
1814 189 2003 212 mensuram
2034 178 2075 211 de

220 246 294 289 ipso
324 243 420 277 laneo
449 241 675 277 retribuendo.
706 241 874 275 residuam
904 251 1035 285 quoque
1064 244 1191 285 partem
1221 239 1298 273 dicti
1328 241 1414 273 lanei
1444 252 1504 274 nos
1534 240 1719 274 tenebimus
1749 244 1781 273 et
1811 239 1851 273 de
1880 239 1951 285 ipsa
1981 243 2074 284 parte

222 306 388 348 tamquam
417 303 458 337 de
486 305 618 346 integro
647 302 744 335 laneo
773 312 871 335 vnam
901 311 1045 334 marcam
1076 311 1274 344 grossorum
1304 299 1465 334 Morauiei
1494 303 1622 334 numeri
1653 304 1684 333 et
1714 302 1905 345 pagamenti
1934 298 2075 343 singulis

222 367 318 397 annis
356 363 483 397 diuisim
526 362 575 396 bis
619 365 650 396 111
693 373 780 396 anno
822 361 980 395 videlicet
1025 382 1066 384 —
1112 359 1258 393 Marcam
1295 359 1445 394 infesto
1473 359 1569 393 Beati
1597 359 1759 393 Jobannis
1788 359 1938 405 Baptiste
1967 362 1999 392 et
2030 379 2072 382 -—

221 423 368 457 Marcam
398 426 429 456 in
459 422 511 455 die
540 426 647 456 sancti
677 421 806 456 Martini
836 421 985 455 dabimus
1014 420 1221 463 censuandQ
1252 420 1372 453 deinde
1401 419 1566 454 residuam
1596 423 1723 465 partem
1754 419 1830 453 dicti
1858 419 1945 453 lanei
1975 423 2076 452 tene-

223 483 330 518 bimus
366 482 503 517 liberam
547 482 673 529 absque
715 481 868 516 omnibus
910 480 1036 515 robotis
1074 483 1221 514 vecturis
1260 485 1291 514 et
1320 480 1560 514 exaccionibus
1589 484 1702 526 preter
1731 480 1885 514 Steuram
1914 479 2075 524 regalem„

224 555 319 590 quain
349 543 498 578 dabimus
527 543 733 578 Monasterio
764 545 1060 589 quocienscunque
1097 544 1249 586 imposita
1284 540 1385 575 fuerit
1416 552 1475 586 pro
1514 551 1581 574 vno
1610 543 1742 583 integro
1770 540 1867 573 laneo
1896 545 1992 585 prout
2021 543 2078 573 in—

224 605 298 638 cole
326 603 405 638 ville
433 603 578 637 tribuunt
607 608 791 637 memorate
819 605 952 636 inantea
982 605 1088 635 eciam
1117 606 1150 635 et
1178 612 1343 648 processu
1373 604 1530 647 temporis
1561 600 1692 646 quando
1714 605 1745 633 et
1774 603 1933 645 quociens
1963 600 2076 634 bomi—

225 664 320 698 nibus
358 663 435 697 dicti
471 663 666 698 Monasterii
704 663 744 696 de
781 662 941 696 Maratiez
978 665 1011 696 111
1046 665 1136 707 agris
1174 665 1320 707 ipsorum
1356 664 1573 695 communiter
1601 661 1655 695 vel
1686 659 1818 694 cuilibet
1846 663 1877 694 in
1908 672 1989 705 agro
2018 672 2078 694 suu

224 725 438 769 singulariter
466 724 586 770 aliquid
621 724 812 770 deperierIt7
860 734 940 757 111οΧ
981 722 1021 756 de
1064 722 1149 756 dicta
1191 727 1284 768 parte
1326 724 1428 767 ipsius
1468 721 1553 755 lanei
1591 721 1787 755 satisfacere
1825 721 2017 755 debebimus
2047 726 2077 754 et

224 790 378 819 tenemur
410 785 532 819 nullam
568 796 693 819 moram
737 796 796 819 seu
839 784 1037 818 dilacionem
1079 783 1234 817 faciendo
1270 794 1441 828 quousque
1480 782 1646 828 superflua
1676 793 1754 827 pars
1784 782 1861 815 dicti
1889 782 1974 815 lanei
2004 793 2077 815 611111

226 857 370 880 11666556
399 845 500 880 fuerit
527 849 559 879 in
588 846 748 880 consimili
787 844 1026 879 distribncione
1060 846 1184 890 pariter
1218 846 1258 878 sit
1292 848 1499 889 consumpta,
1530 843 1659 877 Census
1689 854 1820 888 quoque
1849 842 1987 876 Statutis
2016 846 2079 876 iani

228 918 329 952 supra
358 909 508 940 terminis
537 918 610 940 611111
640 907 744 951 regali
776 906 896 940 Stenra
926 908 1221 951 quocienscunque
1250 904 1349 938 fuerit
1376 907 1527 950 imposita
1547 905 1588 937 de
1616 908 1748 949 integro
1774 904 1871 937 laneo
1900 915 1918 937 a
1939 902 2079 937 Ciuitate

229 966 375 1001 Rediscb
405 969 575 1013 perpetuis
605 965 809 1013 temporibus
839 965 1043 999 Monasteriu
1074 964 1312 998 diriuabuntur.
1370 964 1597 998 Successores
1631 975 1712 998 vero
1748 967 1851 998 nostri
1886 968 1963 1010 post
1991 975 2078 997 con-

229 1030 457 1072 suinpcionem
488 1025 651 1072 prehabiti
680 1027 767 1060 lanei
797 1037 870 1059 cum
900 1025 995 1059 dictis
1024 1025 1164 1059 dominis
1194 1026 1323 1060 scilicet
1351 1025 1450 1059 Atleo
1480 1025 1599 1059 abbate
1628 1030 1661 1058 et
1690 1024 1862 1058 Connentu
1890 1024 2080 1069 W'elegra-

228 1087 322 1121 densi
352 1091 449 1133 prout
476 1087 595 1121 melius
624 1091 813 1133 potuerunt,
843 1091 1045 1133 component
1074 1092 1105 1120 et
1135 1086 1385 1120 concordabunt
1414 1097 1516 1120 6611511
1546 1091 1579 1119 61
1609 1086 1730 1120 Stenra
1758 1086 1864 1130 regali
1893 1090 1928 1119 vt
1949 1096 2081 1118 inemo—

227 1152 334 1182 ratuin
363 1151 415 1181 est
442 1147 657 1193 perhenniter
685 1152 796 1182 tamen
826 1148 1006 1182 duraturis.
1063 1147 1099 1181 In
1135 1151 1229 1181 cuius
1267 1150 1315 1181 rei
1351 1150 1573 1181 testimonium
1610 1147 1761 1191 Sigillum
1796 1151 1945 1182 nostrum
1981 1151 2013 1180 et
2041 1148 2080 1179 ad

228 1212 427 1255 peticionem
457 1214 603 1244 nostram
633 1208 783 1254 Sigillum
814 1208 962 1242 Ciuitatis
992 1208 1102 1242 Brode
1130 1208 1334 1253 vngaricalis
1364 1207 1577 1254 presentibus
1607 1212 1681 1241 sunt
1710 1218 1871 1253 appensa.
1901 1206 2023 1240 Datum
2052 1213 2081 1241 et

230 1274 338 1302 actum
367 1269 555 1315 Welegmd
585 1269 671 1303 dicto
700 1269 905 1303 Monasterio
935 1268 1004 1302 Sub
1034 1270 1134 1303 Anno
1164 1269 1288 1302 domini
1316 1267 1493 1302 Millesiino
1514 1268 1770 1301 Trecentesimo
1797 1266 2082 1313 Quinquagesiniu

229 1332 342 1375 quinto
371 1329 423 1363 die
452 1329 642 1364 Beatissimi
671 1329 834 1363 Johannis
864 1329 1022 1374 Baptiste.

539 1415 633 1453 (Orig.
667 1417 751 1450 Perg.
786 1417 802 1442 ‘2
835 1417 920 1450 hang.
945 1416 1004 1451 sig.
1036 1417 1073 1442 1111
1105 1417 1231 1443 Arehive
1267 1417 1317 1442 des
1352 1417 1400 1444 Kl,
1426 1417 1572 1443 Velebrad
1603 1417 1661 1444 Lit.
1694 1415 1729 1451 G,
1755 1417 1803 1443 Nr.
1830 1417 1867 1442 ⁴25
1893 1417 1928 1442 im
1955 1417 2083 1442 Laudes-

643 1466 795 1505 Archive.)

1108 1614 1214 1650 306.

783 1702 977 1735 Landreclel
1006 1704 1038 1735 2'11
1072 1701 1204 1735 Olnmtz,
1235 1701 1292 1735 24.
1320 1701 1403 1735 ι11ιηὶ
1432 1701 1541 1734 1355.

390 1778 508 1830 Anno
556 1797 676 1831 domini
725 1797 900 1832 Millesiino
949 1797 1201 1831 Trecentesimo
1245 1796 1645 1842 Quinquagesimoqninto
1691 1803 1765 1843 post-
1809 1798 1928 1833 festum
1980 1801 2087 1832 sancti

233 1855 396 1890 Joliannis
421 1856 571 1903 Baptiste
599 1857 803 1904 Colloquium
827 1857 1052 1892 Olomucense
1072 1862 1123 1891 est
1143 1857 1349 1891 celebratum
1378 1869 1438 1903 pei·
1456 1857 1593 1892 Nobiles
1616 1861 1706 1893 viros
1727 1859 1879 1893 dominos
1899 1858 2086 1893 Johanneni

235 1917 276 1951 de
306 1916 458 1961 Crawar,
488 1917 675 1953 Hersonem
705 1919 746 1953 de
774 1918 974 1953 Lelekouicz
1009 1918 1236 1953 Camerarium
1267 1923 1300 1952 et
1328 1918 1503 1952 Sudarium
1535 1923 1567 1952 et
1596 1919 1763 1953 dominum
1793 1919 2017 1953 Michahelem
2048 1920 2088 1952 de

236 1978 377 2012 Blndaw
405 1989 567 2012 summum
596 1982 759 2013 notarium
789 1984 880 2013 terre
908 1979 1069 2023 Mol-anie,
1096 1978 1216 2013 Coram
1245 1978 1408 2012 nobilibus
1429 1982 1512 2013 viris
1533 1979 1673 2013 dominis
1702 1980 1872 2026 Stephano
1902 1980 1942 2013 de
1964 1981 2087 2014 Stern—

236 2038 332 2081 berk⁷
361 2038 515 2073 Johanne
552 2039 592 2073 de
631 2039 833 2083 Bozlrouicz,
871 2040 1019 2074 Jescone
1048 2040 1089 2074 de
1118 2040 1266 2086 Conycz,
1303 2038 1458 2072 Johanne
1488 2040 1574 2073 dicto
1603 2039 1719 2074 Kokor
1747 2045 1778 2074 et
1807 2041 1877 2074 aliis
1907 2040 2087 2075 minoribus

238 2099 434 2133 officialibus
462 2102 495 2133 in
524 2099 629 2145 figura
659 2100 777 2134 Judicii
806 2100 1050 2146 presidentibus
1081 2106 1113 2134 et
1141 2101 1212 2134 aliis
1242 2110 1337 2146 quain
1366 2097 1512 2144 pluribus
1541 2099 1718 2146 fidedignis
1747 2104 1827 2135 viris
1857 2113 1895 2135 ac
1924 2105 2029 2135 eciam
2057 2105 2088 2135 in

237 2164 415 2207 presencia
445 2161 532 2196 Petri
562 2161 735 2196 Rankonis
771 2161 812 2195 de
841 2161 1002 2195 Oloinucz
1031 2161 1158 2196 Notat-ii
1187 2161 1365 2197 substituti.

548 2240 715 2274 (Olmiitzer
740 2240 898 2266 Landtafel
922 2240 986 2267 Lib.
1012 2241 1031 2273 l,
1058 2240 1109 2268 Nr.
1135 2241 1221 2273 388.)
