2206 2735
1098 67 1144 99 59

192 179 437 227 quomodolibet
472 182 513 214 sit
549 189 764 225 processum,
812 177 929 224 quibus
974 177 1127 211 omnibus
1163 181 1194 212 in
1233 180 1447 212 assecutione
1492 181 1592 224 ipsius
1638 180 1850 226 l'repositure
1899 180 2051 213 volumus

192 240 363 284 anteferri,
392 240 453 274 sed
481 240 602 273 nullum
632 250 692 284 per
720 238 783 271 lioc
812 241 860 272 eis
888 248 953 284 quo
982 238 1022 271 ad
1053 238 1299 273 assecutionem
1330 238 1538 284 dignitatum,
1568 245 1821 286 personatmun,
1851 239 2048 283 officiorumt

193 307 225 335 et
254 301 491 336 beneficiorum
521 301 658 334 aliorum
688 299 907 346 preiudicium
935 302 1094 344 generari
1124 326 1131 333 .
1163 309 1222 333 seu
1252 301 1279 332 si
1309 298 1494 333 venerabili
1532 299 1624 334 fratri
1654 305 1766 335 nostro
1797 329 1804 335 .
1837 329 1844 335 .
1883 300 2051 347 Episcopo

194 369 224 396 ci
255 363 384 397 dilectis
412 361 488 396 filiis
519 360 667 407 Capituio
697 360 893 394 Olomucen.
925 360 978 394 vel
1008 359 1179 405 quibusvis
1209 359 1281 394 aliis
1310 363 1530 394 communiter
1558 361 1611 394 vel
1641 361 1769 396 divisim
1801 361 1840 395 ab
1867 361 1984 396 eadem
2013 363 2052 395 sit

193 424 274 457 sede
311 422 482 460 indultum,
519 422 603 467 quod
642 421 681 455 ad
721 424 946 468 receptionem
986 421 1038 454 vel
1075 423 1303 466 provisionem
1340 421 1478 455 alicuius
1508 424 1641 455 minime
1670 426 1855 465 teneantur,
1893 422 1991 456 etad
2022 421 2051 455 id

194 483 346 530 compelli
374 494 441 517 non
469 485 618 528 possint.
663 482 815 528 quodque
853 481 894 515 de
931 481 1145 526 dignitatibus
1174 481 1406 528 personatibus
1441 486 1495 515 aut
1524 481 1643 515 officiis
1672 485 1776 528 ipsius
1806 483 1970 516 ecclesie.
2015 493 2052 515 ac

194 546 266 578 aliis
285 543 456 577 beneficiis
478 544 719 577 ecclesiasticis
740 543 778 576 ad
800 553 914 575 eorum
936 542 1158 581 collationem,
1189 545 1427 588 provisionem.
1458 542 1511 576 vel
1538 554 1779 588 (piamcmnquc
1808 543 1905 575 aliam
1935 543 2053 587 dispo—

194 608 349 638 sitionem
378 607 579 638 coniunctim
609 604 662 638 vel
692 605 869 648 separatim
899 604 1128 649 speciminibus
1163 603 1241 637 nulli
1278 603 1389 637 valeat
1417 603 1585 648 provideri
1616 615 1678 651 per
1706 603 1819 637 literas
1850 603 2053 648 apostolicas

193 677 259 699 non
287 664 450 699 facientes
480 666 610 711 plenam
642 668 672 697 et
702 675 903 709 expressam
934 675 972 697 ac
1002 664 1042 697 do
1073 663 1177 697 verbo
1203 664 1241 697 ad
1264 664 1402 697 verbum
1425 664 1465 697 de
1486 664 1610 698 indulto
1630 663 1817 698 huiusmodi
1839 666 2052 697 mentionem.

194 731 227 759 et
256 724 402 771 qualibet
431 725 495 758 alia
524 725 610 758 dicte
639 725 727 759 sedis
757 724 962 769 indulgentia
991 726 1141 768 generali
1172 725 1225 758 vel
1255 725 1392 770 speciali
1422 728 1663 771 cuiuscumque
1684 728 1812 759 tenoriS
1833 727 1966 766 existat,
1998 734 2056 770 per

194 797 290 832 quain
329 785 541 831 presentibus
576 796 643 819 non
678 795 889 830 expressam,
930 785 984 819 vel
1024 786 1166 819 totaliter
1202 796 1269 819 non
1304 788 1476 829 insci-[ann
1514 786 1653 820 effectus
1682 786 1777 820 huius
1805 789 1918 820 nostre
1946 787 2054 829 gratie

193 846 343 893 impediri
382 847 491 880 valeat
531 844 777 892 quomodolibet
813 846 868 880 vel
903 846 1044 889 differri‚
1084 851 1114 880 et
1150 845 1190 880 de
1227 858 1290 892 qua
1325 849 1487 893 cuiusque
1524 852 1591 881 toto
1624 852 1742 881 tenore
1771 846 1924 881 habenda
1954 847 2054 880 sitin

195 910 318 941 uostris
356 907 459 941 literis
497 909 619 940 mentio
656 906 825 953 specialis.
881 906 949 941 Aut
987 909 1015 940 si
1048 917 1187 952 presens
1216 918 1282 941 non
1313 906 1414 942 l'ueris
1445 907 1484 941 ad
1514 907 1728 954 prestandum
1766 907 1806 941 de
1835 905 2055 942 observandis

197 971 327 1002 statutis
357 972 388 1002 et
417 966 714 1002 consuetudinibus
743 969 846 1014 ipsius
876 968 1021 1001 ecclesie
1050 968 1179 1001 solitum
1210 970 1441 1011 iuramentum,
1471 967 1648 1002 dummodo
1678 971 1709 1002 in
1739 967 1890 1002 absentia
1919 971 1973 1001 tna
1996 977 2056 1012 per

196 1032 448 1074 procuratorem
476 1027 643 1071 idoneum,
673 1032 706 1062 et
734 1039 807 1061 cum
839 1027 877 1061 ad
899 1028 1076 1062 ecclesiam
1098 1031 1203 1074 ipsam
1233 1031 1435 1072 accesseris,
1465 1030 1684 1075 corporaliter
1703 1028 1779 1062 illud
1800 1032 1942 1074 prestes.
1973 1027 2056 1061 Sive

196 1089 282 1133 quod
310 1088 468 1122 nonnulla
498 1088 561 1122 alia
590 1087 753 1122 beneficia
783 1089 1014 1122 ecclesiastica
1043 1088 1188 1135 obtines7
1217 1100 1281 1135 que
1309 1089 1522 1135 presentibus
1551 1101 1611 1135 pro
1641 1091 1816 1135 expressis
1844 1088 1960 1122 haberi
1988 1098 2057 1122 vo-

196 1150 313 1192 lumus,
344 1153 375 1182 et
403 1151 502 1183 etiam
532 1152 719 1184 nominatis.
750 1149 837 1183 Nulli
867 1161 949 1194 ergo
979 1154 1040 1183 etc.
1070 1154 1185 1184 nostre
1213 1150 1401 1184 collationis
1430 1152 1633 1196 provisionis
1662 1151 1908 1183 constitutionis
1936 1152 1969 1182 et
1990 1158 2056 1181 vo-

197 1210 328 1243 luntatis
359 1209 541 1254 iufringere
571 1213 635 1243 etc.
676 1209 794 1244 Datum
823 1211 994 1244 Avinionc
1022 1210 1065 1244 X.
1092 1210 1261 1244 Kalendas
1290 1210 1433 1255 Augusti
1463 1211 1565 1245 Anno
1593 1210 1745 1244 Decimo.

352 1269 389 1304 In
418 1270 536 1304 eodem
566 1271 663 1305 modo
694 1298 701 1305 .
732 1270 925 1305 Venerabili
954 1271 1047 1306 fratri
1076 1271 1343 1317 Archiepiscopo
1371 1270 1515 1317 Pragen.
1546 1276 1578 1305 et
1606 1271 1735 1305 dilectis
1764 1271 1838 1305 liliis
1859 1297 1866 1304 .
1889 1298 1896 1305 .
1920 1270 2057 1303 Decano

198 1330 456 1375 wissegraden.
493 1342 597 1377 prope
634 1330 777 1376 Pragam
816 1343 856 1365 ac
885 1360 892 1366 .
924 1359 930 1366 .
962 1332 1110 1365 Sacriste
1138 1332 1345 1366 Aviuioneu.
1377 1333 1597 1367 ecclesiarum
1627 1332 1776 1366 Salutem
1806 1335 1869 1365 etc.
1925 1330 2059 1364 Suss'ra-

196 1393 313 1435 gantia
341 1395 404 1425 etc.
434 1402 541 1437 usque
569 1394 745 1426 nominatis
778 1420 783 1425 .
815 1392 981 1433 Quocirca
1012 1393 1206 1427 mandamus
1244 1396 1399 1439 quatinus
1437 1404 1499 1428 vos
1538 1393 1591 1427 vei
1622 1392 1685 1427 duo
1714 1396 1768 1426 ant
1796 1403 1881 1426 unus
1911 1395 2057 1424 vestrum

199 1462 258 1497 per
285 1462 349 1486 vos
379 1451 441 1485 Vel
471 1452 570 1485 alium
608 1463 668 1486 seu
706 1453 787 1486 alios
821 1453 984 1499 prefatum
1023 1453 1208 1488 Jobannein
1249 1454 1302 1488 vel
1339 1459 1589 1500 procuratorem
1625 1465 1720 1488 suum
1758 1455 1829 1486 eius
1863 1454 1996 1486 nomine
2024 1453 2056 1484 in

198 1512 409 1558 corporalem
446 1516 696 1559 possessionem
736 1513 968 1560 Propositure.
1013 1526 1051 1548 ac
1089 1517 1204 1548 ini-ium
1243 1525 1282 1548 ac
1319 1517 1589 1559 pertinentiarum
1630 1514 1854 1560 predictormn
1894 1512 2058 1546 inducatis

197 1575 394 1606 auctoritate
429 1578 556 1609 nostra.
594 1579 625 1607 et
665 1574 853 1609 det'emiaus
882 1575 1062 1617 inductum7
1097 1580 1207 1609 amoto
1237 1575 1360 1609 exinde
1389 1574 1531 1621 quolibet
1563 1575 1754 1617 detentore‚
1792 1573 1956 1608 facientes
1984 1582 2059 1606 euni

198 1633 255 1666 vel
283 1633 405 1667 dictum
435 1639 687 1679 procuratorem
716 1647 776 1681 pro
805 1639 876 1681 ipso
906 1635 945 1669 ad
975 1636 1117 1669 eandem
1146 1635 1407 1682 l'repositaram,
1438 1641 1472 1670 ut
1501 1641 1553 1670 est
1582 1638 1682 1669 moris
1703 1635 1840 1677 admitti,
1870 1634 1999 1679 sibique
2019 1632 2060 1666 de

200 1693 284 1727 illius
312 1693 486 1737 fructibus,
526 1694 721 1738 redditibus
760 1695 988 1741 proventibus,
1026 1696 1163 1730 iuribus.
1202 1701 1234 1730 et
1269 1695 1526 1731 obventionibus
1555 1698 1723 1730 universis
1752 1698 1884 1740 integre
1912 1704 2061 1740 respon-

201 1753 270 1787 deri
306 1781 313 1787 .
352 1753 427 1788 Non
455 1753 664 1789 obstantibus
702 1756 854 1790 omnibus
889 1757 1088 1803 supradictis
1127 1785 1133 1791 .
1172 1757 1240 1791 Aut
1275 1760 1303 1791 si
1340 1757 1466 1791 eisdem
1504 1756 1674 1803 Episcopo
1710 1760 1743 1789 et
1777 1755 1950 1802 quibusvis
1988 1754 2060 1788 aliis

201 1817 422 1848 communiter
450 1815 506 1849 vel
534 1815 664 1850 divisim
694 1816 734 1850 ab
764 1817 881 1851 eadem
909 1820 951 1852 sit
980 1817 1060 1852 sede
1090 1818 1259 1861 indultum,
1290 1817 1376 1864 quod
1405 1817 1558 1851 interdici
1586 1817 1745 1863 suspendi
1775 1816 1829 1850 vel
1858 1825 2059 1849 excommu-

202 1877 305 1908 nicari
339 1886 407 1909 non
443 1878 573 1921 possint
610 1888 670 1922 per
706 1877 819 1911 literas
847 1878 1050 1924 apostolicas
1080 1890 1146 1912 non
1174 1878 1339 1912 facientes
1368 1878 1499 1925 plenam
1529 1882 1560 1911 et
1589 1888 1786 1923 expressam
1815 1888 1855 1911 ac
1884 1877 1925 1910 de
1953 1875 2058 1910 verbo

202 1934 242 1968 ad
271 1934 410 1970 verbum
440 1935 480 1970 de
509 1936 633 1971 indulto
661 1937 849 1972 huiusmodi
876 1941 1090 1973 mentionem.
1147 1938 1417 1974 Contradictores
1452 1941 1649 1973 auctoritate
1677 1942 1791 1973 nostra
1819 1942 1884 1972 etc.
1939 1936 2058 1971 Datum

202 2000 235 2030 ut
264 2006 374 2042 supra.

513 2049 589 2081 (Ans
614 2050 668 2075 den
694 2051 858 2086 Origsch.
888 2052 1021 2078 Clemens
1051 2053 1098 2078 x'i.
1129 2052 1176 2078 lib.
1212 2053 1237 2081 1.
1269 2053 1354 2087 epist.
1388 2052 1444 2078 1ῖ1
1478 2060 1545 2087 pag.
1579 2052 1635 2087 5⁵93
1668 2051 1813 2079 vidimirte
1844 2050 1992 2078 Absehrift
2022 2050 2060 2076 im

620 2100 876 2142 Landcsarehive.)
