2206 2735
1125 92 1198 127 263

232 209 343 243 Duces
373 208 518 242 Poloniae
547 212 579 241 et
609 207 727 241 Slesiae
757 207 898 241 eundem
928 217 1065 240 censum
1097 205 1275 240 illustribus
1297 204 1566 251 progenitoribus
1590 208 1622 237 et
1642 201 1950 248 praedecessoribus
1971 204 2096 236 nostris

232 270 376 303 Roeiniae
406 268 556 313 Regibus
595 271 626 301 in
657 271 788 312 signum
825 267 1043 311 subjectionis
1081 266 1199 300 debitae
1235 271 1268 300 et
1301 269 1331 300 in
1362 267 1627 310 recognitionem
1658 267 1708 298 sui
1737 265 1922 309 superioris
1952 261 2095 296 Dominii

230 331 293 364 rite
330 331 554 376 persolverint
589 330 696 363 multis
733 328 935 375 temporibus
980 331 1174 370 retroactis,
1218 332 1327 360 tamen
1364 326 1403 359 ad
1440 325 1688 359 abundantioris
1726 324 1865 357 cautelae
1905 322 2093 368 praesidiuin

232 396 336 425 tractu
367 393 525 436 temporis
555 390 633 423 dicti
664 390 776 423 Duces
807 401 868 423 suo
896 388 1056 423 heredum
1086 393 1119 422 et
1138 398 1375 422 successorum
1406 398 1541 420 suorum
1571 389 1705 419 nomine
1735 390 1833 430 atque
1863 387 1939 418 vice
1961 384 2095 417 Princi-

232 456 346 498 patus‚
390 456 497 484 terras
534 455 567 483 et
604 450 756 484 Dominia
795 461 854 484 sua
897 461 914 483 a
952 450 1050 483 clarae
1087 452 1253 483 memori-ce
1292 449 1408 483 illustri
1436 447 1592 481 Johanne
1629 445 1793 492 quondam
1825 445 1969 478 Boemiae
1998 444 2095 488 Rege

231 516 385 557 genitore
414 516 528 544 nostro
558 510 768 545 charissimo.
799 510 873 543 dum
904 512 1038 543 viveret
1067 514 1099 544 et
1128 510 1258 544 deinum
1289 521 1306 543 a
1337 513 1448 543 nostra
1470 508 1677 547 celsitudine,
1707 507 1794 540 dicto
1815 506 1958 540 Domino
1978 509 2096 538 nostro

233 585 272 607 ac
292 575 446 617 genitore
471 572 628 606 defuncto
658 577 689 605 et
718 583 735 605 a
761 582 884 605 corona
908 574 1003 615 regni
1025 570 1170 605 Boemiae
1193 573 1224 604 in
1249 570 1383 604 feudum
1408 580 1482 603 cum
1503 569 1713 603 solemnitate
1737 566 1846 600 debita
1874 569 2097 612 susceperunt

233 633 394 678 nobisque
424 645 462 666 ac
492 633 577 666 dicto
607 636 750 677 genitori
780 636 908 666 nostro.
939 632 1013 665 dum
1045 634 1192 666 viveret.
1229 636 1383 676 tanquam
1415 630 1558 663 Boemiae
1588 628 1740 673 Regibus
1777 632 1809 661 et
1837 637 1971 661 corona·
2000 629 2097 671 regni

232 694 377 728 Boeiniae
408 698 630 740 praeststeruut
661 694 854 727 solemniter
882 692 1090 734 obedientiae,
1123 692 1278 736 homagin
1310 691 1530 735 subjectionis
1560 694 1592 723 et
1622 689 1789 722 fidelitatis
1820 687 1939 721 debitae
1965 697 2095 732 corpo—

232 755 314 788 ralia
342 757 543 798 juramenta,
574 754 613 788 Et
644 754 721 787 licet
750 756 891 798 insignis
922 753 1070 786 Ducatus
1100 752 1392 787 Wratislaviensis
1423 756 1454 785 et
1483 751 1601 785 Slesiae
1631 761 1705 784 cuin
1735 752 1805 783 suis
1830 747 1983 782 omnibus
2012 758 2096 793 per—

234 819 379 849 tinentiis
410 815 449 848 ad
479 816 558 848 utile
587 820 619 848 et
648 812 874 848 immediatum
895 813 1084 847 Dominium
1115 814 1286 847 illustrium
1316 813 1482 858 quondam
1507 812 1651 846 Boemize
1682 811 1811 855 Regum
1843 811 2095 855 progenitorum

233 881 422 910 nostrorum
453 881 483 910 et
513 887 671 909 coronam
702 875 812 920 Regni
842 875 987 908 Boemia·
1016 877 1223 920 spectaverit
1252 874 1292 907 ab
1322 877 1456 919 antiquo
1491 876 1577 907 sicut
1615 872 1678 906 hoc
1708 870 1898 905 recolendae
1928 872 2096 903 memoria}

233 938 300 970 divi
330 936 494 983 Rudolphi
523 947 736 970 romanorum
767 936 873 980 Regis
904 936 1167 982 praedecessoris
1197 939 1300 969 nostri
1327 937 1442 970 literae.
1474 938 1503 968 in
1535 945 1671 979 quarum
1702 936 1806 978 prima
1836 930 2000 976 quandam
2034 941 2097 964 or-

233 999 434 1031 dinationem
465 1000 549 1030 inter
577 997 722 1031 illustres
753 998 948 1041 Ottagarum
978 997 1142 1043 quondam
1175 997 1318 1030 Boemiae
1348 996 1478 1040 Regem
1508 1006 1671 1041 proavum
1692 998 1839 1027 nostruin
1865 992 2095 1026 charissimum

235 1071 278 1092 ex
310 1070 372 1092 una
412 1064 443 1091 et
472 1058 651 1092 llenricum
682 1058 810 1092 Ducem
842 1058 1162 1092 wratislaviensem
1193 1063 1287 1104 parte
1322 1069 1366 1091 ex
1396 1057 1519 1098 anei-³2
1557 1055 1714 1089 videlicet
1743 1053 1829 1098 quod
1859 1053 1967 1086 dictus
1997 1050 2097 1085 Otta-

233 1131 334 1164 garus
364 1120 440 1153 Rex
471 1119 578 1154 eidem
607 1119 754 1153 Ilenrico
783 1119 1060 1153 Wratislaviensi
1089 1124 1121 1153 et
1150 1119 1269 1153 Slesiae
1299 1119 1383 1152 Duci
1413 1121 1444 1151 in
1475 1128 1569 1151 casu.
1609 1119 1637 1150 si
1668 1115 1793 1149 Ducem
1826 1116 1980 1159 praemori
2008 1123 2097 1146 con—

235 1183 391 1224 tingeret‚
430 1183 462 1214 in
501 1183 671 1225 praeinisso
710 1179 838 1213 Ducatu
875 1180 1147 1214 wratislaviensi
1186 1185 1218 1214 et
1256 1180 1392 1221 Slesiae„
1433 1182 1532 1212 terris
1571 1181 1603 1211 et
1640 1175 1791 1210 omnibus
1828 1174 1991 1208 Dominiis
2027 1175 2097 1206 suis

236 1240 374 1276 deberet
404 1242 607 1285 succedere,
643 1252 702 1287 per
737 1252 773 1275 se
809 1241 930 1275 factam
967 1245 1089 1275 asserit
1124 1246 1155 1275 et
1193 1244 1224 1275 in
1260 1240 1408 1275 secunda
1438 1243 1584 1285 ipsarum
1614 1238 1700 1271 dicto
1730 1236 1878 1270 Heni-ico
1906 1235 2003 1268 Duce
2028 1235 2096 1277 jain

234 1303 364 1337 sublato
394 1303 435 1336 de
464 1303 571 1336 medio
601 1303 790 1349 predictum
820 1303 949 1347 Regem
977 1302 1170 1344 Ottagarum
1202 1302 1345 1335 heredes
1376 1306 1408 1335 et
1429 1310 1652 1334 successores
1682 1301 1785 1344 ipsius
1807 1297 1952 1330 Roemiae
1981 1295 2097 1339 Reges

236 1365 276 1397 de
315 1364 444 1397 Ducatu
484 1364 761 1397 Wratislaviensi
800 1369 832 1397 et
862 1363 980 1397 Slesiae
1017 1366 1113 1397 terris
1150 1368 1181 1396 et
1222 1363 1371 1397 Dominis
1410 1361 1556 1407 praefatis
1596 1366 1748 1404 tanquam
1789 1362 1861 1391 actu
1897 1355 2096 1391 vacantibus

237 1430 372 1471 propter
406 1425 505 1459 multa
534 1429 629 1470 grata
661 1428 816 1466 servitia,
856 1436 928 1470 quae
956 1425 1102 1458 illustres
1134 1424 1277 1458 Boemiae
1307 1423 1423 1467 Reges
1452 1433 1549 1456 sacro
1578 1421 1730 1454 Romano
1760 1419 1904 1464 Imperio
1933 1417 2096 1451 fecerant.

237 1487 432 1520 solemniter
465 1490 658 1521 investivit.
695 1487 836 1520 lucidius
875 1490 1093 1526 attestantur„
1130 1485 1257 1519 Tamen
1293 1485 1429 1518 illustris
1468 1482 1612 1516 Boeiniae
1646 1480 1722 1514 Rex
1752 1479 1925 1513 ,lohannes
1963 1480 2098 1522 genitor

237 1551 352 1580 noster
381 1548 537 1592 praefatus
566 1559 640 1581 cum
670 1548 785 1582 illustri
815 1547 963 1581 Hem-ico
992 1549 1134 1593 septimo
1162 1550 1194 1580 et
1222 1546 1334 1579 ultimo
1363 1542 1640 1577 Wratislaviensi
1670 1546 1701 1574 et
1723 1541 1840 1574 Slesiae
1861 1539 1945 1573 Duci
1966 1540 2097 1572 sororio

239 1613 364 1641 nostro.
396 1608 471 1642 dum
502 1613 640 1654 uterque
660 1612 805 1655 ipsorum
823 1613 923 1643 vitam
945 1613 1061 1653 ageret
1090 1611 1120 1641 in
1139 1607 1303 1642 humanis.
1334 1603 1758 1650 quandamordinationem
1775 1604 1844 1634 iniit
1873 1604 1904 1633 et
1932 1601 2097 1633 tractavit.

242 1670 396 1702 videlicet
426 1669 511 1714 quod
541 1669 646 1703 dictus
676 1670 753 1703 Dux
783 1669 948 1703 Henricus
978 1673 1098 1702 terrani
1129 1672 1160 1701 et
1189 1668 1372 1701 districtum
1402 1666 1602 1700 Glacensem
1641 1674 1717 1697 cum
1743 1661 1948 1706 vasallagiis.
1979 1659 2097 1695 feudis

243 1730 403 1764 Dominiis
435 1735 465 1763 et
495 1730 648 1764 omnibus
677 1734 885 1776 pertinentiis
923 1733 992 1764 suis
1023 1729 1063 1762 de
1093 1740 1264 1763 consensu
1294 1728 1368 1761 dicti
1411 1728 1573 1771 genitoris
1604 1727 1708 1758 nostri
1737 1722 1777 1756 ad
1808 1725 1882 1757 vitae
1912 1733 1980 1755 sure
2010 1720 2099 1754 dun-

242 1796 334 1824 taxat
364 1796 511 1837 tempora
547 1791 672 1825 habere
702 1791 858 1829 deberet,
896 1795 927 1825 ut
958 1795 1067 1824 tamen
1103 1801 1143 1823 eo
1180 1793 1342 1824 moriente
1371 1788 1521 1821 Ducatus
1551 1789 1598 1819 sui
1636 1789 1711 1831 puta
1741 1783 2038 1818 Wratislaviensis
2067 1785 2099 1814 et

242 1853 360 1886 §lesi-‹r›
390 1864 428 1885 ac
458 1853 650 1898 praedictum
681 1851 848 1886 Glaeense
879 1851 1065 1885 Dominium
1095 1850 1134 1884 ad
1166 1862 1259 1884 usum
1291 1855 1323 1883 et
1352 1850 1605 1894 possessionem
1642 1846 1717 1879 dicti
1746 1846 1910 1890 genitoris
1939 1841 2099 1876 heredum

241 1919 271 1946 et
301 1925 539 1948 successorum
569 1917 715 1959 ipsorum
738 1914 868 1958 Regum
899 1917 930 1946 et
959 1923 1093 1946 coronae
1113 1915 1209 1957 regui
1240 1911 1386 1944 Boemiae
1416 1912 1489 1943 sine
1518 1908 1707 1942 difficultate
1728 1905 1873 1953 qualibet
1894 1906 2099 1938 revenirent.

239 1979 322 2008 sicut
362 1974 422 2008 hoc
453 1986 615 2020 processu
653 1975 778 2008 dierum
814 1974 853 2007 ad
885 1973 984 2007 linem
1013 1973 1149 2007 devenit
1178 1976 1352 2014 intentunn
1384 1982 1423 2004 eo
1453 1970 1538 2016 quod
1569 1970 1675 2002 dictus
1703 1970 1836 2012 genitor
1868 1970 1996 2007 noster,
2025 1964 2100 1997 dmn

243 2039 383 2070 viveret.
414 2038 576 2069 moriente
607 2035 700 2069 Duce
730 2034 868 2081 praefato
898 2039 930 2067 et
960 2034 1121 2068 Ducatum
1143 2034 1463 2067 Wrauslaviensem
1492 2035 1523 2064 et
1552 2035 1674 2064 terram
1697 2029 1897 2062 Glacensein
1927 2025 2099 2072 praefatam

241 2100 342 2130 tenuit
371 2101 403 2129 et
432 2096 583 2141 possedit
620 2101 651 2129 et
680 2107 740 2129 nos
770 2100 942 2140 utrumque
977 2095 1017 2128 de
1047 2097 1202 2140 prresenti
1232 2095 1323 2128 velut
1353 2094 1496 2127 Boemiae
1526 2091 1602 2125 Rex
1631 2094 1661 2124 in
1693 2091 1915 2136 possessione
1945 2090 2100 2120 tenentes

242 2157 396 2191 utrolibet
425 2157 646 2191 dominamur.
704 2157 743 2190 Et
781 2159 933 2201 quamvis
963 2155 1110 2189 Marchia
1142 2153 1392 2190 Budissinensis
1428 2158 1460 2187 et
1498 2153 1724 2194 Gorlicensis‚
1764 2161 1835 2195 quae
1872 2159 1945 2182 cuin
1975 2149 2100 2181 ceteris

239 2217 453 2252 Civitatibus.
490 2218 628 2264 Oppidis
657 2222 688 2251 et
718 2220 945 2263 pertiuentiis·
964 2220 1034 2250 suis
1071 2216 1110 2250 ad
1142 2217 1294 2261 Regnum
1325 2220 1358 2249 et
1387 2216 1552 2248 Coronam
1582 2213 1691 2257 Regni
1721 2211 1867 2244 Boemiae
1896 2208 1936 2242 ab
1967 2210 2102 2252 antiquo

242 2282 408 2324 pertinuit‚
445 2290 505 2325 per
533 2279 690 2312 illustrem
723 2278 920 2323 Ottagarum
956 2278 1120 2323 quondam
1152 2277 1297 2311 Roemiae
1327 2276 1456 2320 Regem
1491 2284 1652 2321 proavum
1683 2277 1832 2306 nostrum
1867 2273 1899 2304 in
1937 2279 2100 2315 personas

241 2341 412 2374 illustrium
442 2340 607 2385 quondam
638 2339 990 2383 Brandeburgensium
1011 2338 1240 2372 Marchionum
1271 2349 1314 2371 ex
1344 2340 1444 2370 certis
1473 2339 1506 2369 et
1535 2332 1784 2369 rationabilibus
1814 2333 1926 2364 causis
1956 2330 2100 2363 alienata

243 2403 341 2435 fuerit
376 2402 562 2447 aliquando.
621 2401 746 2435 Tamen
785 2399 1034 2434 Marchionibus
1069 2399 1236 2445 praedictis
1271 2398 1396 2444 absque
1434 2396 1612 2430 heredibus
1648 2405 1752 2428 sexus
1790 2392 1963 2425 masculini
1994 2390 2101 2423 dece-

242 2462 395 2496 dentibus
425 2462 465 2495 ab
496 2462 558 2496 hae
580 2465 645 2496 vita
668 2461 816 2504 Nobiles,
847 2462 980 2504 milites,
1011 2461 1163 2503 clientes‚
1193 2462 1288 2493 cives
1309 2463 1341 2492 et
1360 2461 1510 2492 universi
1533 2457 1652 2491 lncolae
1674 2453 1830 2488 Marchiae
1851 2451 2101 2485 Rudissinensis

242 2529 275 2557 et
305 2523 512 2557 Gorlicensis
541 2524 687 2569 pree-fatre
708 2523 1000 2557 animadversione
1029 2521 1137 2555 debita
1167 2524 1430 2565 cognoscentes,
1461 2518 1602 2563 qualiter
1631 2516 1669 2549 ad
1701 2515 1852 2558 Regnum
1883 2517 1915 2546 et
1942 2521 2100 2546 coronam

255 2586 352 2630 {egui
385 2585 527 2618 Boemiae
558 2589 712 2631 tanquam
743 2585 780 2617 acl
812 2583 1034 2617 immediatum
1066 2587 1095 2616 et
1125 2582 1275 2616 naturale
1305 2581 1492 2615 Dominium
1522 2578 1642 2612 <ludum
1673 2577 1912 2623 pertinuerant,
1948 2572 1987 2607 ad
2018 2571 2102 2606 sub-
