2206 2735
983 55 1169 111 „3¹2-

1022 211 1128 248 3⁰9.

924 304 981 338 12.
1011 303 1085 337 Juli
1114 302 1222 337 13:35.

303 386 512 440 Fridericus
541 405 720 449 episcopus
751 401 1010 447 Ratisponensis
1041 398 1224 445 profitetur,
1255 402 1462 432 contractum
1483 400 1735 443 permutationis
1757 397 1861 431 l'uissc
1882 396 2003 432 sactum

148 473 231 503 mter
260 470 365 513 ipsum
395 471 427 501 et
458 465 611 499 Carolum
643 462 697 497 IV.
730 467 883 507 tanquam
920 460 1066 494 Boemiae
1094 470 1210 504 regem
1250 470 1309 505 pro
1345 461 1436 504 ipso,
1473 457 1652 492 heredibus
1688 462 1719 491 et
1748 457 2004 492 successoribus

148 532 216 563 suis
245 540 284 562 ac
313 538 437 562 corona
479 527 575 570 regui
617 524 778 568 ejusdem.
809 526 937 557 ratione
965 523 1068 555 castri
1098 520 1324 554 Tamstaull'en
1363 530 1435 553 cum
1472 520 1683 564 pertinentiis
1713 518 1862 563 ejusdcm
1892 520 2004 555 castriq

149 602 209 637 pro
238 601 301 635 quo
336 593 369 623 et
403 587 520 634 quibus
550 587 657 620 dictus
695 589 876 631 imperator
904 586 1064 629 episcopo
1094 581 1242 627 qua-dam
1273 580 1358 614 bona
1389 583 1420 614 in
1450 579 1609 613 Bobemia
1641 582 1702 613 sita
1729 581 1823 624 juxta
1852 581 2004 613 a‘stima-

149 655 272 685 tionem
301 650 471 684 Jolmmu's
508 649 662 693 episcopi
690 646 943 681 Olonmcensis,
981 643 1147 676 Busconis
1177 642 1217 676 de
1246 641 1446 675 WVilbarticz
1474 642 1537 675 dcc.
1567 642 1754 684 assignavit
1781 641 1865 675 ultra
1896 651 2006 686 peru-

149 716 235 746 niam
265 714 408 757 quinque
439 709 571 744 millium
602 708 804 741 florenorum
833 708 993 752 episcopo
1022 703 1109 737 dicto
1139 706 1201 737 iam
1231 706 1492 736 numeratorum.
1523 700 1559 735 Si
1588 711 1671 735 vero
1691 711 1775 746 papa
1805 700 1888 734 infra
1908 703 2006 734 nnius

150 777 226 807 anni
255 775 396 819 spatium
428 771 502 804 buic
532 770 764 816 permutationi
793 778 858 801 non
888 765 1073 800 adhibuerit
1102 774 1318 802 consensum,
1349 767 1426 797 tunc
1456 764 1647 809 imperatori
1675 762 1730 795 vel
1760 764 1833 795 eius
1863 772 2007 795 succes-

149 834 279 869 soribus
309 842 506 878 quacunque
539 830 619 864 liora
650 840 667 863 a
696 832 871 862 contractu
901 827 964 861 boc
992 825 1156 860 recedere
1186 824 1308 863 licebit,
1338 823 1492 869 bonaque
1512 826 1543 857 in
1560 822 1720 857 Boliemia
1742 821 1782 855 ab
1804 824 2006 868 imperatore

150 899 309 942 episcopo
339 897 509 938 assignata
546 895 652 926 statim
690 890 863 924 cedentur.
906 891 1086 934 imperator
1128 891 1237 920 autem
1280 884 1492 919 nihilominus
1534 888 1680 918 castrum
1724 883 1845 917 dictum
1889 887 2007 916 tencre

151 960 279 1003 poterit.
311 956 418 989 donec
447 957 591 999 quinque
620 953 718 985 millia
747 950 948 984 florenorum
978 952 1008 982 ci
1036 951 1187 982 restituta
1217 957 1282 981 non
1312 946 1444 979 suerint.
1475 944 1794 990 1)t.inSulzepach
1826 943 1924 978 1355
1955 943 2008 976 die

151 1019 314 1052 dominica
343 1018 493 1061 proxima
523 1018 599 1048 ante
628 1013 748 1046 festum
778 1011 952 1044 divisionis
981 1009 1220 1055 apostolorum.

458 1093 535 1125 (Ans
574 1092 670 1119 I'rivil.
708 1091 782 1125 ch.
814 1090 886 1117 Βοὴ.
916 1088 1050 1115 Manusk.
1083 1088 1120 1115 31.
1152 1087 1212 1114 Vll.
1240 1087 1277 1112 ‘28
1312 1096 1338 1121 p.
1365 1085 1461 1122 352fb
1493 1085 1528 1110 im
1562 1083 1799 1110 Laudesarehivo
1833 1082 1952 1117 abgedr.
1979 1083 2005 1108 in

565 1145 642 1170 Pclzl
667 1144 737 1170 Kar]
764 1141 813 1170 iV.
840 1141 1027 1169 Urkundenb.
1054 1149 1117 1166 zum
1142 1140 1179 1166 ll.
1204 1139 1259 1167 Th.
1282 1148 1310 1173 p.
1337 1138 1421 1170 2t3.)

1025 1300 1134 1335 310.

153 1410 260 1443 .leln‘·0
290 1408 330 1441 (Ie
360 1406 460 1451 Sirps
491 1409 553 1453 §a
576 1402 749 1438 sermnem
770 1402 841 1436 (lem
871 1401 1015 1436 Klostel·
1035 1400 1208 1434 Petstimei‘
1237 1400 1335 1432 einen
1356 1397 1554 1443 jc'ilm·licleeu
1586 1396 1703 1430 Zitms.
1734 1395 1795 1429 Dt.
1826 1395 2008 1429 Pusiome'f·

923 1461 981 1496 13.
1012 1461 1087 1494 Juli
1115 1459 1226 1494 1355.

318 1543 467 1597 Jenczo
497 1562 537 1596 de
567 1561 660 1607 Sirps
688 1570 752 1594 nec
781 1569 847 1592 non
877 1558 974 1592 Clara
1018 1566 1105 1590 uxor
1147 1557 1218 1600 ejus
1254 1558 1452 1589 testamento
1488 1573 1534 1578 —-
1574 1555 1730 1599 promittit
1759 1552 1905 1586 discreto
1933 1553 2008 1584 viro

155 1627 288 1660 domino
327 1624 504 1659 Chunrado
541 1624 582 1657 de
619 1622 761 1656 Pustmir
798 1640 849 1645 ——
885 1621 1083 1662 cunctisque
1113 1615 1367 1651 successoribus
1396 1618 1464 1650 suis
1494 1614 1614 1649 ibidem
1644 1617 1674 1647 ln
1705 1614 1851 1647 claustro
1880 1614 2012 1647 sancti-

157 1687 345 1720 monialium
374 1683 582 1718 manentibus
612 1682 751 1725 singulis
781 1683 889 1717 annis,
932 1689 1028 1725 quam
1071 1678 1124 1711 diu
1162 1680 1347 1711 vixerimus
1385 1675 1445 1710 sub
1483 1675 1652 1709 dotatione
1687 1678 1783 1708 unius
1812 1674 1925 1708 altaris
1955 1672 2007 1706 bh.

158 1747 380 1794 apostolorum
412 1746 499 1779 Petri
529 1749 560 1778 et
592 1744 680 1777 Pauli
710 1742 829 1776 ibidem
868 1742 1046 1774 constructi
1090 1742 1120 1772 in
1166 1737 1268 1772 tribus
1298 1740 1418 1771 marcis
1447 1739 1609 1770 moravici
1638 1737 1829 1782 pagamenti
1859 1738 2009 1779 tempore

158 1813 234 1842 viiae
276 1813 397 1842 nostrae
438 1810 527 1852 ipsas
571 1804 724 1849 augendo
769 1823 812 1827 -
857 1801 1061 1835 censualiter
1097 1799 1247 1844 obligari.
1304 1798 1382 1832 Post
1411 1802 1549 1831 mortem
1579 1817 1630 1821 —
1658 1794 1910 1840 fideiussoribus
1939 1796 2009 1827 suis

158 1869 327 1903 XVatislao
357 1868 397 1901 de
428 1868 542 1901 Praus.
572 1865 770 1899 Hersclione
799 1867 831 1896 et
860 1861 1065 1896 Buschkone
1094 1860 1250 1894 fratribus
1286 1859 1327 1892 de
1355 1859 1550 1893 Amslauicz
1578 1859 1701 1892 nostris
1730 1858 1884 1901 cognatis
1914 1875 1963 1881 —-
1991 1865 2009 1887 a

159 1931 253 1964 bonis
291 1932 413 1963 nostris
452 1950 498 1953 fi
543 1931 573 1961 in
617 1927 763 1960 districtu
807 1925 945 1958 duorum
988 1923 1042 1956 vel
1085 1924 1179 1955 trium
1210 1921 1370 1954 miliarum
1400 1923 1502 1965 ipsius
1532 1919 1667 1953 claustri
1696 1917 1849 1964 predicto
1878 1916 2011 1949 domino

159 1990 335 2025 Chunrado
365 1994 395 2023 et
425 1991 495 2033 ejus
524 1986 775 2022 successoribus
804 1984 972 2031 predictas
1002 1988 1069 2016 ires
1099 1993 1229 2016 marcas
1258 1991 1466 2027 comparare.
1515 1980 1638 2014 Actum
1668 1983 1701 2012 et
1729 1978 1839 2011 datum
1868 1976 2012 2010 Pustmir

159 2063 245 2086 anno
274 2053 520 2084 incarnacionis
549 2052 580 2082 in
609 2048 662 2081 die
697 2050 813 2081 sancte
850 2043 1062 2089 Margarethe
1104 2045 1245 2087 virginis
1288 2041 1500 2088 presentibus
1530 2040 1667 2075 testibus
1697 2039 1829 2072 domino
1858 2036 2011 2082 Nycolao

158 2112 302 2159 plebano
332 2115 362 2145 in
392 2110 504 2144 ssudcz
533 2112 702 2155 preposito
730 2110 761 2140 in
801 2106 956 2141 Pustmir.
1003 2105 1135 2139 domino
1165 2103 1321 2138 ‚Iohanne
1350 2102 1491 2149 plebano
1521 2105 1552 2135 in
1582 2100 1849 2135 Tzscheczsans„
1879 2097 2012 2131 domino

162 2172 308 2207 Arnoldo
338 2174 466 2205 vicario
495 2169 635 2216 predicti
665 2169 801 2202 claustri
830 2167 964 2200 domino
993 2165 1149 2200 Johanne
1179 2175 1272 2199 asmo
1301 2166 1429 2197 vicario
1459 2167 1489 2197 et
1519 2163 1665 2196 altarista
1696 2160 1826 2194 ibidem.

468 2256 544 2293 [Ans
569 2257 619 2282 der
646 2256 711 2282 Ποῦ.
738 2254 873 2288 Sammlg‚
898 2253 948 2279 ΝΥ.
976 2254 1056 2279 3409
1083 2253 1117 2278 im
1145 2251 1405 2283 Landesarcbive‚)
