2206 2735
318 246 466 298 Raisir
497 265 571 299 h'arl
595 265 652 299 iv.
685 266 825 300 schenkl
855 267 927 300 dem
959 266 1142 301 Strahover
1164 266 1298 301 Klostcr
1328 266 1442 300 sieben
1465 266 1704 301 Vici-telialnw.
1736 277 1800 300 von
1831 267 1939 300 denen
1969 267 2020 301 die

160 327 300 360 Saatzcr
331 325 458 369 Burgcr
489 325 723 372 lwhanptetvn,
753 327 832 361 dass
863 330 912 361 sic
942 339 1000 361 zur
1029 327 1152 372 liiiiiigl.
1187 328 1342 360 lt'ammrr
1370 327 1532 371 geliiircn.

469 406 544 434 (iius
575 405 637 430 ‹li-in
665 406 743 439 ttrig,
769 406 820 431 des
851 406 1008 431 Sin-ahmei-
1036 407 1165 431 tunso-r.-
1196 406 1371 437 :ibgedu-achi
1407 406 1431 430 in
1472 403 1575 432 l'elzl‘u
1605 406 1674 431 Kar}
1708 403 1751 432 lV.
1787 405 2019 431 Urkuudenbuch

574 466 634 481 xxiiii
663 458 683 484 1,
710 458 762 482 Ἰ”Ιι.
790 466 852 491 pag.
881 458 920 483 ΤΛ

1051 603 1124 638 52.

160 678 232 712 Dos
263 679 522 713 Leilonie'seleler
554 680 773 725 Domlrapt'lel
800 680 899 714 metet
929 681 1036 725 I’aps!
1068 681 1222 715 Clemens
1261 682 1311 715 l'l.
1345 694 1394 715 um
1428 681 1630 725 Zuweisuuy
1662 692 1723 715 von
1757 682 1778 715 4
1812 681 2016 715 Dekanateu

155 741 214 773 des
244 741 498 785 li'onayyratz-er
530 741 821 775 Archidialwnats
850 754 911 776 z-m·
939 742 1210 787 Leilomyscleler
1241 742 1399 776 nim-ese.
1432 743 1488 776 Dt.
1511 742 1740 787 Leitomysclet
1767 742 1801 776 4.
1823 742 2017 776 November

1032 803 1143 837 1350.

312 863 554 914 Satn-tissimo
584 883 615 914 in
655 880 788 915 Christo
826 884 908 927 patri
947 885 980 914 et
1013 880 1146 915 domino
1184 882 1318 915 domino
1357 883 1517 916 Clementi
1561 881 1663 927 digna
1708 882 1759 916 dei
1802 880 2017 928 prouidencia

155 945 375 975 sacrosancte
405 940 556 974 Romane
585 946 617 975 et
647 941 849 976 vniuersalis
878 942 1025 975 ecclesie
1056 942 1192 976 Summo
1223 944 1380 989 pontifici.
1417 943 1590 977 Johannes
1619 943 1820 989 Episcopus,
1846 941 2016 976 Ditmarus

156 1000 260 1034 Prior.
291 1001 486 1036 waltherus
516 1002 650 1038 Custos.
679 1002 852 1036 ¹lohannes
882 1003 1017 1044 Cantor,
1048 1003 1221 1037 cunradus
1252 1004 1458 1038 scolasticus
1488 1009 1521 1038 et
1550 1004 1735 1050 Capitulum
1764 1003 1919 1037 Ecclesie
1947 1001 2016 1036 Lu—

154 1061 378 1096 thomislensis
408 1073 482 1096 cum
512 1063 677 1108 condigna
707 1066 905 1097 reuerencia
935 1063 1055 1109 pedum
1084 1065 1198 1098 oscula
1230 1065 1411 1098 beatorum.
1444 1064 1572 1099 Dudum
1603 1068 1764 1099 sanctitas
1793 1068 1906 1098 vestra
1927 1063 2013 1097 Pra—

153 1133 294 1167 gensem
324 1123 499 1157 ecclesiam
530 1127 562 1158 in
591 1124 916 1171 archiepiscopalem
946 1129 978 1158 et
1007 1123 1246 1159 Monasterium
1278 1124 1556 1161 Luthomislense.
1588 1126 1832 1159 Canonicornm
1870 1124 2014 1168 regula-

154 1186 234 1217 rium
264 1183 388 1217 ordinis
419 1184 754 1220 l'remonstratensis.
785 1189 816 1219 in
845 1185 1032 1220 Ecclesiam
1054 1185 1286 1220 Cathedralem
1317 1187 1478 1231 erigendo
1506 1186 1659 1233 prouidih
1680 1189 1789 1221 statuit
1810 1190 1842 1219 et
1864 1185 2014 1219 decreuit

154 1244 259 1277 eidem
290 1245 436 1279 ecclesie
464 1251 497 1279 et
525 1249 732 1292 episcopatui
762 1258 821 1293 pro
851 1246 979 1280 diocesi
1008 1246 1267 1281 Lutliomislensi
1297 1252 1408 1281 certas
1447 1252 1558 1294 partes
1597 1248 1685 1281 Cleri
1724 1252 1756 1281 et
1791 1246 2010 1280 ecclesiarum

152 1305 224 1349 plus
253 1305 360 1338 eidem
391 1307 538 1340 ecclesie
567 1306 796 1341 adiacencium
827 1307 868 1341 de
898 1307 1057 1352 Pragensi
1087 1312 1119 1341 et
1141 1308 1356 1342 olonmcensi
1378 1308 1571 1342 diocesibus
1592 1308 1812 1355 deputandas7
1834 1306 2012 1352 dequibus

152 1376 217 1410 ego
247 1370 279 1399 et
308 1366 489 1412 Capitnlam
520 1367 672 1401 Ecclesie
701 1379 785 1403 mee.
816 1380 855 1402 ac
886 1369 1093 1402 reuerendus
1122 1372 1227 1414 pater.
1258 1368 1410 1402 (lominus
1442 1370 1502 1403 Ar.
1533 1369 1822 1415 archiepiscopus,
1852 1372 1884 1401 et
1905 1368 2010 1413 Capi-

151 1426 251 1459 tulum
282 1426 452 1470 Pragense
486 1439 559 1461 cum
598 1428 801 1463 Reuerendo
838 1433 932 1475 patre
971 1429 1103 1463 domino
1141 1428 1295 1462 .lohanne
1334 1428 1500 1475 Episcopo
1539 1434 1571 1462 et
1608 1428 1758 1475 Capitulo
1797 1427 2010 1462 Olomucensi

151 1486 311 1521 hactenus
340 1491 549 1534 nequiuimus
578 1490 798 1524 concordare.
829 1490 925 1524 Nunc
955 1495 1064 1524 autem
1095 1492 1341 1523 interueniente
1372 1490 1597 1525 Serenissimo
1628 1490 1783 1536 Principe
1811 1493 1846 1523 et
1865 1488 2010 1523 domino.

150 1548 281 1581 domino
311 1548 434 1583 Karolo
464 1549 690 1584 Romanorum
721 1556 753 1585 et
783 1551 920 1585 Boemie
948 1551 1055 1595 Rege.
1092 1550 1281 1584 concordes
1316 1550 1436 1594 effecti,
1473 1551 1648 1585 Sanctitati
1685 1554 1799 1585 vestre
1829 1561 1893 1585 vna
1934 1560 2007 1583 cuin

150 1608 306 1654 predictis
336 1609 615 1657 ArchiepiscopQ
647 1610 816 1658 Episcopo
845 1616 877 1646 et
911 1611 1072 1658 Capitulis
1108 1614 1329 1646 instantersset
1359 1610 1524 1645 humiliter
1561 1613 1799 1658 supplicamus,
1836 1610 2008 1652 Quatenus

149 1669 234 1702 dicte
263 1670 410 1703 ecclesie
439 1669 696 1705 Luthomislensi
725 1683 786 1718 pro
815 1672 941 1706 diocesi
971 1671 1191 1718 subscriptum
1223 1670 1355 1706 Clerum
1385 1677 1417 1705 et
1447 1673 1615 1718 populum,
1645 1671 1852 1707 Monasteria
1872 1676 1905 1705 et
1926 1682 2008 1718 par-

148 1729 314 1763 rochiales
343 1731 507 1765 ecclesias
536 1743 611 1765 cum
640 1735 810 1767 vniuersis
841 1744 954 1767 eorum
983 1733 1119 1767 Juribus
1149 1738 1182 1766 et
1210 1736 1427 1779 pertinenciis
1457 1737 1487 1767 in
1518 1739 1662 1779 quatuor
1691 1733 1912 1779 infrascriptis
1942 1732 2007 1766 de—

147 1790 322 1824 canatibus
353 1791 655 1827 Archidiaconatus
685 1793 902 1828 Gradicensis
938 1793 1025 1827 dicte
1062 1794 1243 1839 Pragensis
1280 1794 1437 1840 dyocesis
1473 1797 1698 1832 constitutum„
1735 1797 1872 1828 situatas
1908 1798 2006 1838 atque

148 1854 240 1886 sitas.
270 1851 409 1886 limitare
439 1855 656 1899 incorporare
684 1857 917 1901 inperpetuum
947 1854 1128 1898 dignemini
1157 1859 1190 1888 et
1218 1858 1326 1893 vnire,
1347 1855 1504 1889 videlicet
1525 1858 1555 1888 in
1578 1855 1741 1889 decanatu
1763 1855 2006 1890 Chrudimensi,

147 1911 223 1945 dicti
253 1911 555 1947 Archidiaconatus
578 1913 806 1951 Gradicensis.
836 1914 1073 1949 Monasterium
1104 1917 1135 1949 in
1166 1916 1394 1952 PodlaschicZ.
1424 1915 1577 1950 abbatem
1607 1921 1638 1949 et
1666 1920 1867 1950 conuentum
1889 1917 2005 1959 viginti

147 1983 365 2018 personarum
395 1973 568 2009 obtinens.
598 1975 724 2009 ordinis
752 1979 860 2010 sancti
898 1975 1069 2009 Benedicti
1105 1981 1137 2010 et
1173 1976 1410 2010 Monasterium
1451 1980 1481 2010 in
1520 1977 1695 2011 Sezamicz
1734 1976 1935 2010 abbatissam
1974 1979 2008 2008 et

145 2038 347 2068 conuentum
377 2033 493 2067 decem
524 2046 741 2080 personarum
779 2035 945 2076 obtinens„
975 2036 1102 2070 ordinis
1132 2036 1379 2071 Cisterciensis.
1417 2043 1449 2071 et
1478 2037 1719 2072 Menas-terium
1758 2036 2007 2070 Cruciferorum

145 2097 178 2128 in
209 2094 405 2129 Purdawicz
435 2096 476 2129 de
505 2099 692 2142 penitencia
722 2098 762 2131 ad
792 2102 926 2131 sanctos
956 2102 1133 2143 martyres.
1164 2103 1195 2131 et
1225 2100 1256 2131 in
1287 2099 1384 2143 opido
1415 2099 1570 2132 Chi-udin]
1600 2097 1817 2144 parrochialis
1847 2098 2004 2133 ecclesia.

145 2160 177 2189 et
205 2156 322 2189 domus
351 2156 488 2190 fratrum
519 2158 761 2203 predicatorum
791 2163 823 2192 et
853 2162 883 2192 in
923 2158 1089 2192 suburbiis
1125 2158 1272 2192 eiusdem
1312 2159 1399 2204 opidi
1440 2159 1659 2205 parrochialis
1697 2158 1851 2191 Ecclesia
1889 2161 2005 2191 sancte

146 2216 274 2259 Crucis,
296 2217 336 2250 Et
357 2218 567 2263 infrascripte
588 2219 814 2264 parrochiales
836 2220 982 2253 ecclesie
1004 2222 1034 2252 in
1056 2220 1172 2253 eodem
1195 2220 1357 2253 decanatu
1380 2224 1510 2254 situale.
1533 2220 1646 2253 Sancti
1668 2218 1770 2252 Marci
1800 2218 2003 2252 Boslawiez„

143 2276 277 2321 Jolucz‚
308 2278 546 2325 Lepycowic'L.
578 2279 807 2323 Triebassicz‚
839 2280 1011 2314 Chlumeh.
1043 2280 1272 2318 ‘Nouaciuitaffi
1306 2281 1502 2315 Pordawicz
1532 2281 1650 2314 ibidem
1681 2291 1755 2313 cnm
1786 2279 1873 2313 filiali
1905 2278 2003 2312 Tun-

143 2337 261 2375 chaad,
292 2338 503 2381 Hostowicz,
534 2340 742 2382 Czezamicz,
764 2341 916 2375 Dassicz.
944 2341 1131 2377 Morawan.
1154 2341 1336 2387 Slepoticz.
1358 2342 1575 2375 Crostowicz.
1598 2341 1750 2386 Tynecz„
1772 2340 2002 2374 Ywanowicz.

144 2399 361 2443 Troyawicz.
393 2400 527 2434 Sestak.
559 2400 704 2446 Caplicz.
736 2401 914 2445 Honwicz‚
945 2402 1100 2438 Rossicz.
1131 2402 1350 2436 Podlaschicz
1379 2413 1452 2435 cum
1483 2402 1568 2435 liliali
1599 2401 1783 2443 Chrasth,
1813 2400 2002 2437 Costelecz„

144 2459 305 2493 t'elelaw.
337 2461 516 2506 Campnicz
546 2472 618 2494 cnm
650 2462 736 2494 liliati
767 2463 805 2495 ml
837 2463 994 2496 Sanctum
1024 2462 1196 2496 Nicolaum
1229 2462 1447 2497 Slassawirk.
1479 2463 1678 2508 Byelowan.
1709 2462 1833 2507 Syecz.
1864 2461 2002 2494 Sunen—

141 2519 235 2554 berh.
267 2520 398 2566 Sletyn.
435 2521 631 2567 Swydnicz.
670 2522 894 2568 Lyeyboricz.
936 2523 1122 2569 Boyanowu
1161 2523 1328 2568 Uomyrli.
1368 2522 1587 2567 Chyrbatoxx‘.
1628 2521 1835 2557 Pachom-am
1875 2521 2003 2557 Stolan,
