2206 2735
1047 48 1092 80 5215

143 169 215 191 euin
247 158 446 203 plenitudine
476 158 611 192 fauoris.
643 158 761 193 Oblata
791 158 886 193 nohis
918 171 976 205 pro
1006 163 1098 205 parte
1128 165 1240 194 vestra
1271 163 1391 206 peticio
1412 161 1616 199 continebat,
1646 162 1732 207 quod
1753 173 1826 196 cum
1848 163 1996 198 modicas

144 224 174 252 et
205 222 354 253 minimus
385 217 533 253 habeatis
565 218 764 254 hereditates
793 220 832 253 ad
863 223 1031 254 ciuitatem
1062 225 1207 256 vestram
1236 226 1440 268 spectantes,
1469 223 1642 257 admittere
1670 223 1711 257 de
1741 223 1838 258 solita
1869 223 1994 270 benig-

144 283 246 313 nitate
274 280 495 319 dignaremur,
527 283 558 313 ut
587 281 670 325 apud
702 279 838 314 Nobiles
867 286 899 314 et
921 280 1151 326 Wladyeones
1179 288 1212 317 et
1242 283 1324 316 alios
1355 287 1487 317 vestros
1507 287 1637 319 vicinos
1658 283 1864 318 hereditates
1883 295 1997 319 emere

143 346 172 373 et
203 351 397 386 comparare
425 345 456 374 et
486 341 556 374 illas
588 342 628 374 ‹le
657 346 770 375 cetero
800 346 914 375 vestre
944 342 1072 376 Ciuitati
1103 346 1173 377 iure
1201 344 1288 377 ciuili
1318 344 1498 390 applicare,
1528 345 1681 391 quodque
1709 347 1815 379 eciam
1836 344 1995 391 quasdam

143 400 343 435 hereditates
373 401 454 435 alias
484 414 500 435 a
530 404 663 435 ciuitate
692 406 806 436 vestra
836 402 998 436 alienatas
1027 404 1208 438 exsoluere
1239 405 1389 438 valeatis.
1438 404 1488 439 Ex
1523 408 1661 439 racione
1699 409 1798 451 igitur
1833 406 1996 440 conside-

143 464 286 495 rat-ionis
315 464 494 508 perspicue
522 467 770 507 cognoscentes
800 467 947 497 vestram
977 468 1006 496 et
1037 464 1186 499 finitatis
1216 470 1329 499 vestre
1358 465 1588 500 condicionem
1610 477 1651 500 ex
1675 478 1716 500 eo
1736 478 1838 513 posse
1859 467 1995 501 fauente

143 522 211 555 l)eo
241 522 418 557 meliorari.
448 523 600 569 quodque
629 526 734 557 eciam
764 523 859 558 nohis
889 529 978 558 tanto
1009 525 1125 559 melius
1153 529 1187 559 et
1215 525 1365 560 crebrius
1402 529 1551 572 poteritis
1588 528 1618 560 in
1658 530 1779 562 nostris
1816 530 1995 574 oportuni-

141 582 259 616 tatibus
289 582 479 618 subuenire.
511 584 675 630 predictas
705 587 888 630 peticiones
918 589 1050 619 vestras
1073 585 1292 620 racionabiles
1314 589 1426 632 vtique
1446 591 1477 621 et
1498 590 1602 621 iustas
1623 588 1825 625 admisimus.
1847 592 1993 623 nostrum

141 647 225 689 pium
256 643 294 677 ad
325 643 388 677 hoc
418 644 566 678 fauorem
596 644 712 678 dantes
741 650 771 680 et
801 657 1015 681 eonsensum.
1047 650 1082 679 vt
1102 645 1186 680 bena
1209 650 1240 680 et
1260 646 1461 681 hereditates
1482 648 1565 694 apud
1588 647 1737 683 Nobiles.
1757 648 1993 695 Wladycones

140 709 168 736 et
199 704 280 738 ahos
310 709 442 739 vestros
471 708 600 738 vicinos
630 716 743 739 emere
772 711 802 740 et
833 717 1041 753 comparare.
1074 707 1125 740 illa
1157 717 1288 752 quoque
1317 711 1347 740 et
1377 707 1447 741 illas
1476 711 1525 741 sie
1554 711 1639 741 iusto
1668 711 1852 754 empcionis
1890 709 1993 755 tytulo

139 770 265 812 emptas
296 770 326 798 et
355 770 564 811 comparatas
593 766 677 812 apud
707 769 873 800 ciuitatem
902 772 1048 801 vestram
1079 772 1241 813 perpetuo
1271 770 1416 802 retinere
1436 772 1469 802 et
1488 771 1559 802 iure
1579 769 1672 802 Ciuili
1699 768 1835 805 hahere.
1865 774 1991 811 teneret

138 826 199 860 l'rui
234 832 263 861 et
301 827 475 873 possidere
511 827 652 861 valeatis
690 839 727 861 ac
766 831 901 874 possitis
938 831 1107 875 perpetuis
1145 828 1348 875 temporibus
1385 829 1543 863 affuturis.
1583 829 1780 863 Adicientes
1817 831 1902 875 quod
1939 830 1991 863 itta

139 888 235 922 hona.
265 900 328 934 que
357 889 438 921 alias
469 900 486 921 a
506 887 648 922 Ciuitate
678 893 792 922 vesu-a
823 894 897 923 sunt
928 891 1072 923 alienata
1103 893 1219 923 iterato
1249 890 1430 923 exsoluere
1459 895 1491 922 et
1519 895 1681 936 perpetuo
1711 890 1794 936 apud
1832 901 1894 924 vos
1931 901 1992 925 re·-

139 951 243 982 tinere
272 948 430 982 debeatis.
463 948 650 983 inhibemus
680 952 789 995 itaque
818 950 915 984 vobis
945 950 1096 984 omnihus
1126 954 1157 984 et
1186 955 1335 984 vestrum
1365 950 1498 984 cuilibet
1528 950 1653 985 fauoris
1682 955 1714 984 et
1734 954 1850 994 gracie
1878 955 1993 985 nostre

139 1010 198 1042 cul·
227 1009 359 1043 obtentu
389 1020 431 1043 ne
460 1010 618 1056 deinceps
648 1010 842 1044 hereditates
879 1016 907 1044 et
938 1010 1036 1045 bona.
1067 1022 1141 1055 oue,
1172 1016 1204 1044 vt
1234 1014 1444 1057 premittitur.
1474 1010 1710 1057 comparabitis
1745 1016 1777 1045 et
1805 1012 1991 1045 exsoluetis

140 1071 390 1116 qtiiluisennque
420 1074 572 1117 personis
601 1075 774 1105 extraneis
805 1084 863 1106 seu
894 1077 988 1106 extra
1020 1074 1069 1105 ius
1099 1072 1196 1105 ciuile
1226 1076 1341 1105 vestre
1369 1074 1510 1105 ciuitatis
1540 1074 1601 1105 nisi
1623 1072 1814 1117 specialiter
1842 1082 1927 1105 unus
1947 1083 1990 1105 ex

139 1132 231 1164 vobis
262 1133 353 1165 alteri
384 1143 444 1165 suo
474 1132 611 1166 Coneiui
640 1133 802 1178 vendere„
832 1133 969 1175 donareq
1000 1134 1114 1177 tegare
1143 1137 1197 1166 aut
1225 1132 1288 1166 alio
1317 1134 1436 1176 (pionis
1465 1131 1561 1165 modo
1591 1132 1739 1165 alienare
1759 1132 1909 1166 audeatis
1938 1133 1993 1166 vel

140 1196 333 1237 presumatis
363 1196 530 1239 perpetuis
560 1193 762 1239 temporibus
791 1196 1016 1228 successuris.
1047 1193 1190 1228 Irriiiun.
1222 1196 1319 1227 inane
1349 1197 1379 1226 et
1408 1193 1528 1227 nullius
1559 1193 1683 1227 valoris
1713 1193 1936 1226 decernentes
1965 1195 1990 1226 si

138 1253 210 1298 quid
241 1258 355 1287 contra
385 1257 546 1300 premissa
575 1265 635 1299 per
663 1265 725 1288 vos
754 1254 805 1287 vel
836 1265 1030 1300 quemquam
1063 1254 1158 1288 aliem
1189 1253 1309 1288 sactum
1339 1252 1437 1288 fuerit
1456 1251 1509 1287 vel
1531 1257 1766 1299 attemptatum.
1798 1253 1832 1287 In
1854 1263 1992 1299 quorum

138 1318 371 1360 premissorum
402 1315 609 1349 euideneiam
640 1320 668 1349 ei
699 1315 800 1350 robur
828 1320 989 1361 perpetuo
1019 1315 1192 1348 valiturum
1223 1319 1398 1361 presentes
1427 1314 1497 1348 fieri
1518 1319 1550 1348 et
1569 1314 1664 1355 sigilli
1686 1317 1789 1348 nostri
1812 1317 1991 1347 munimine

137 1378 288 1409 iussimus
318 1379 524 1410 communiri.
556 1376 673 1409 Datum
707 1376 814 1421 Frage
842 1375 924 1409 feria
956 1375 1102 1409 secunda
1136 1375 1220 1409 iul'ra
1251 1374 1410 1409 Octauam
1446 1374 1605 1421 Corporis
1635 1374 1755 1408 Christi
1785 1375 1886 1408 Anno
1916 1373 1991 1408 Na-

136 1439 267 1469 tiuitatis
298 1436 444 1470 eiusdem
476 1436 650 1470 Millesiino
680 1436 932 1470 Trecentesimo
962 1435 1247 1482 Quinquagesimo
1280 1436 1399 1470 Primo.

448 1515 609 1547 (Absehrift
633 1524 684 1541 aus
708 1516 770 1541 den»
799 1516 876 1549 (trie.
903 1518 1082 1540 cntnoninien
1109 1514 1194 1541 (lui-eli
1221 1515 1255 1542 A.
1283 1514 1392 1545 Hos-elu
1418 1515 1468 1540 das
1487 1515 1574 1548 (li-ig..
1599 1522 1696 1540 woran
1714 1514 1766 1540 das
1783 1514 1879 1547 Siegel
1899 1516 1988 1540 etwas

547 1568 667 1592 veriet-at
694 1568 737 1595 ist.
763 1568 798 1592 im
826 1567 950 1593 Arehivs·
976 1567 1026 1592 ‹ler
1052 1567 1135 1592 stadt
1162 1567 1269 1599 Ita-lau.)

1021 1662 1096 1696 90.

674 1727 731 1759 25.
762 1727 845 1759 duni
875 1727 982 1760 7351.
1016 1726 1208 1760 Laudi-ecla!
1238 1730 1269 1759 ae
1302 1726 1444 1759 Olmeitz.

287 1790 404 1844 anno
440 1811 560 1844 domini
590 1809 764 1843 Millesiino
794 1809 1049 1843 Trecentesimo
1080 1809 1367 1855 Quinquagesimo
1406 1812 1510 1855 primo
1541 1807 1688 1842 Sabbato
1726 1810 1878 1854 proximo
1909 1812 1985 1854 post

135 1872 216 1904 diem
249 1871 340 1904 Beati
369 1871 529 1905 Johannis
558 1871 705 1917 Baptiste
735 1871 939 1916 Colloquiuni
971 1870 1197 1904 Olomucense
1235 1871 1435 1904 celebratum
1467 1874 1516 1904 est
1550 1869 1669 1903 Coram
1702 1868 1875 1903 Nobilibus
1904 1871 1985 1902 viris

133 1932 272 1966 dominis
301 1932 454 1966 Jchanne
488 1933 678 1966 camerario
707 1931 879 1965 Herssone
917 1931 957 1964 de
994 1931 1219 1977 Lelecowycz
1259 1931 1345 1965 :suda
1384 1936 1414 1964 et
1444 1931 1570 1975 Ogerio
1599 1930 1849 1976 prothonotario
1879 1929 1984 1962 Terre

134 1992 281 2026 Morauie
310 2005 348 2026 ac
379 1993 546 2039 Stephano
575 1991 708 2026 Matheo
738 1997 769 2026 et
797 1992 952 2026 Jaroslao
988 1992 1145 2026 fratribus
1183 1993 1222 2025 de
1251 1991 1466 2025 Sterniherch
1496 1991 1644 2037 Dyrzlao
1673 1990 1714 2024 de
1743 1989 1884 2024 Crawar
1912 1989 1983 2023 Be-

133 2056 243 2087 nessio
272 2051 314 2088 (le
345 2054 504 2088 Pluinlow
539 2053 692 2086 johanne
727 2053 767 2086 de
807 2053 1023 2098 Bozcowycz
1065 2052 1156 2086 Cuna
1196 2053 1235 2085 de
1270 2053 1403 2085 Constat
1443 2057 1476 2085 et
1511 2052 1582 2086 aliis
1618 2050 1766 2098 pluribus
1797 2048 1982 2084 Beronibus

133 2114 237 2147 Terre
266 2114 425 2148 Morauie.

438 2177 600 2211 (olmsitzer
624 2176 776 2202 Lantltafel
802 2175 850 2202 lib.
879 2177 900 2202 Ι,
925 2183 991 2209 pag,
1023 2172 1084 2212 itt.)

1015 2269 1088 2305 91.

696 2335 728 2368 2.
757 2334 831 2368 Jule'
859 2334 968 2368 1351.
998 2333 1193 2368 Laudreeht
1223 2335 1254 2366 in
1285 2333 1411 2367 Βνιὶηη.

284 2399 401 2452 ιὶιιιιο
430 2418 552 2452 domini
580 2418 755 2452 Millesimo
785 2417 879 2452 CCO'
918 2419 1194 2464 quinquagesimo
1230 2419 1334 2462 primo
1368 2414 1515 2448 Sabbato
1550 2417 1704 2460 proximo
1742 2417 1819 2447 ante
1856 2413 1977 2447 festum

129 2478 221 2512 Beati
258 2479 407 2525 Procopii
442 2490 556 2513 coram
594 2479 765 2513 Nobilibus
803 2482 885 2513 viris
920 2479 1060 2512 dominis
1094 2475 1248 2511 johanne
1285 2477 1326 2510 de
1365 2475 1505 2509 Crawar
1540 2474 1734 2509 Camerario
1774 2473 1976 2515 Brunnensi⁷

130 2539 276 2573 Bludone
305 2540 393 2574 Sada
423 2539 625 2586 Znoymensi
663 2544 696 2574 et
733 2539 920 2574 Theodrico
952 2539 1061 2585 Spran
1091 2537 1179 2571 Suda
1210 2537 1410 2573 Brnnnensi,
1439 2541 1471 2570 et
1500 2535 1682 2570 Bohubudo
1712 2534 1802 2569 Suda
1830 2533 1977 2581 Jemny-
