<?xml version="1.0" encoding="UTF-8"?>
<!DOCTYPE html PUBLIC "-//W3C//DTD XHTML 1.0 Transitional//EN"
    "http://www.w3.org/TR/xhtml1/DTD/xhtml1-transitional.dtd">
<html xmlns="http://www.w3.org/1999/xhtml" xml:lang="en" lang="en">
 <head>
  <title>
</title>
<meta http-equiv="Content-Type" content="text/html;charset=utf-8" />
  <meta name='ocr-system' content='tesseract 3.04.00' />
  <meta name='ocr-capabilities' content='ocr_page ocr_carea ocr_par ocr_line ocrx_word'/>
</head>
<body>
  <div class='ocr_page' id='page_1' title='image "./codexdiplomaticu08morauoft_0240.png"; bbox 0 0 2206 2735; ppageno 0'>
   <div class='ocr_carea' id='block_1_1' title="bbox 1026 54 1099 88">
    <p class='ocr_par' dir='ltr' id='par_1_1' title="bbox 1026 54 1099 88">
     <span class='ocr_line' id='line_1_1' title="bbox 1026 54 1099 88; baseline -0.041 0"><span class='ocrx_word' id='word_1_1' title='bbox 1026 54 1099 88; x_wconf 79' lang='lat'>210</span> 
     </span>
    </p>
   </div>
   <div class='ocr_carea' id='block_1_2' title="bbox 138 168 2011 2578">
    <p class='ocr_par' dir='ltr' id='par_1_2' title="bbox 138 168 2011 2578">
     <span class='ocr_line' id='line_1_2' title="bbox 145 168 1991 216; baseline 0.001 -14"><span class='ocrx_word' id='word_1_2' title='bbox 145 169 284 203; x_wconf 66' lang='lat' dir='ltr'>Mathia:</span> <span class='ocrx_word' id='word_1_3' title='bbox 326 173 520 213; x_wconf 72' lang='lat' dir='ltr'>procurator</span> <span class='ocrx_word' id='word_1_4' title='bbox 559 168 750 213; x_wconf 71' lang='lat' dir='ltr'>principalis·</span> <span class='ocrx_word' id='word_1_5' title='bbox 789 171 879 201; x_wconf 86' lang='lat' dir='ltr'>circa</span> <span class='ocrx_word' id='word_1_6' title='bbox 917 168 1082 201; x_wconf 72' lang='lat' dir='ltr'>substituti</span> <span class='ocrx_word' id='word_1_7' title='bbox 1119 172 1168 202; x_wconf 80' lang='lat' dir='ltr'>sui</span> <span class='ocrx_word' id='word_1_8' title='bbox 1206 168 1474 203; x_wconf 77' lang='lat' dir='ltr'>Reuocacionem</span> <span class='ocrx_word' id='word_1_9' title='bbox 1506 170 1664 214; x_wconf 71' lang='lat' dir='ltr'>quasdam</span> <span class='ocrx_word' id='word_1_10' title='bbox 1694 174 1923 216; x_wconf 73' lang='lat' dir='ltr'>cxccpciones</span> <span class='ocrx_word' id='word_1_11' title='bbox 1951 172 1991 205; x_wconf 88' lang='lat' dir='ltr'>ad</span> 
     </span>
     <span class='ocr_line' id='line_1_3' title="bbox 140 227 1992 274; baseline 0.001 -10"><span class='ocrx_word' id='word_1_12' title='bbox 140 230 380 264; x_wconf 66' lang='lat' dir='ltr'>ostendendum</span> <span class='ocrx_word' id='word_1_13' title='bbox 411 227 496 273; x_wconf 83' lang='lat' dir='ltr'>quod</span> <span class='ocrx_word' id='word_1_14' title='bbox 528 227 854 269; x_wconf 61' lang='lat' dir='ltr'>interrogaris*uilius</span> <span class='ocrx_word' id='word_1_15' title='bbox 885 231 963 273; x_wconf 67' lang='lat' dir='ltr'>ipsis</span> <span class='ocrx_word' id='word_1_16' title='bbox 994 239 1057 262; x_wconf 84' lang='lat' dir='ltr'>nou</span> <span class='ocrx_word' id='word_1_17' title='bbox 1088 228 1261 262; x_wconf 76' lang='lat' dir='ltr'>tenebatur</span> <span class='ocrx_word' id='word_1_18' title='bbox 1291 229 1496 274; x_wconf 79' lang='lat' dir='ltr'>respondere</span> <span class='ocrx_word' id='word_1_19' title='bbox 1525 230 1678 264; x_wconf 81' lang='lat' dir='ltr'>exhiheri</span> <span class='ocrx_word' id='word_1_20' title='bbox 1707 234 1846 265; x_wconf 85' lang='lat' dir='ltr'>curauit.</span> <span class='ocrx_word' id='word_1_21' title='bbox 1889 231 1992 265; x_wconf 85' lang='lat' dir='ltr'>Post-</span> 
     </span>
     <span class='ocr_line' id='line_1_4' title="bbox 139 289 1991 335; baseline 0.001 -11"><span class='ocrx_word' id='word_1_22' title='bbox 139 292 267 324; x_wconf 69' lang='lat' dir='ltr'>moilmn</span> <span class='ocrx_word' id='word_1_23' title='bbox 299 301 361 322; x_wconf 84' lang='lat' dir='ltr'>non</span> <span class='ocrx_word' id='word_1_24' title='bbox 392 299 591 334; x_wconf 81' lang='lat' dir='ltr'>comparens</span> <span class='ocrx_word' id='word_1_25' title='bbox 622 291 653 322; x_wconf 92' lang='lat' dir='ltr'>in</span> <span class='ocrx_word' id='word_1_26' title='bbox 683 289 813 322; x_wconf 81' lang='lat' dir='ltr'>Judicio</span> <span class='ocrx_word' id='word_1_27' title='bbox 843 300 955 322; x_wconf 85' lang='lat' dir='ltr'>coram</span> <span class='ocrx_word' id='word_1_28' title='bbox 985 289 1114 335; x_wconf 78' lang='lat' dir='ltr'>pretato</span> <span class='ocrx_word' id='word_1_29' title='bbox 1135 289 1270 323; x_wconf 86' lang='lat' dir='ltr'>domino</span> <span class='ocrx_word' id='word_1_30' title='bbox 1293 289 1464 335; x_wconf 82' lang='lat' dir='ltr'>Stephano</span> <span class='ocrx_word' id='word_1_31' title='bbox 1487 291 1649 325; x_wconf 83' lang='lat' dir='ltr'>Auditore</span> <span class='ocrx_word' id='word_1_32' title='bbox 1668 291 1841 325; x_wconf 80' lang='lat' dir='ltr'>Johannes</span> <span class='ocrx_word' id='word_1_33' title='bbox 1863 289 1991 326; x_wconf 80' lang='lat' dir='ltr'>Alberti</span> 
     </span>
     <span class='ocr_line' id='line_1_5' title="bbox 138 349 1992 397; baseline 0.001 -13"><span class='ocrx_word' id='word_1_34' title='bbox 138 351 330 397; x_wconf 72' lang='lat' dir='ltr'>principalis</span> <span class='ocrx_word' id='word_1_35' title='bbox 369 349 539 395; x_wconf 72' lang='lat' dir='ltr'>predictus</span> <span class='ocrx_word' id='word_1_36' title='bbox 578 352 658 382; x_wconf 83' lang='lat' dir='ltr'>citra</span> <span class='ocrx_word' id='word_1_37' title='bbox 695 354 804 382; x_wconf 85' lang='lat' dir='ltr'>tamen</span> <span class='ocrx_word' id='word_1_38' title='bbox 843 354 1095 395; x_wconf 88' lang='lat' dir='ltr'>procuratorum</span> <span class='ocrx_word' id='word_1_39' title='bbox 1131 360 1268 383; x_wconf 85' lang='lat' dir='ltr'>suorum</span> <span class='ocrx_word' id='word_1_40' title='bbox 1304 354 1563 384; x_wconf 85' lang='lat' dir='ltr'>reuocacioncm</span> <span class='ocrx_word' id='word_1_41' title='bbox 1601 353 1641 385; x_wconf 88' lang='lat' dir='ltr'>ad</span> <span class='ocrx_word' id='word_1_42' title='bbox 1670 355 1770 386; x_wconf 87' lang='lat' dir='ltr'>cuius.</span> <span class='ocrx_word' id='word_1_43' title='bbox 1795 355 1992 386; x_wconf 69' lang='lat' dir='ltr'>instanciam</span> 
     </span>
     <span class='ocr_line' id='line_1_6' title="bbox 138 409 1990 458; baseline 0.001 -13"><span class='ocrx_word' id='word_1_44' title='bbox 138 413 221 445; x_wconf 82' lang='lat' dir='ltr'>idem</span> <span class='ocrx_word' id='word_1_45' title='bbox 252 410 403 443; x_wconf 72' lang='lat' dir='ltr'>domitius</span> <span class='ocrx_word' id='word_1_46' title='bbox 434 409 625 455; x_wconf 73' lang='lat' dir='ltr'>Stephanus</span> <span class='ocrx_word' id='word_1_47' title='bbox 656 410 798 442; x_wconf 72' lang='lat' dir='ltr'>Auditor</span> <span class='ocrx_word' id='word_1_48' title='bbox 827 409 988 454; x_wconf 74' lang='lat' dir='ltr'>prefatum</span> <span class='ocrx_word' id='word_1_49' title='bbox 1020 409 1190 443; x_wconf 84' lang='lat' dir='ltr'>henricum</span> <span class='ocrx_word' id='word_1_50' title='bbox 1221 410 1342 456; x_wconf 85' lang='lat' dir='ltr'>Biscop</span> <span class='ocrx_word' id='word_1_51' title='bbox 1372 411 1410 444; x_wconf 90' lang='lat' dir='ltr'>ad</span> <span class='ocrx_word' id='word_1_52' title='bbox 1442 410 1677 445; x_wconf 85' lang='lat' dir='ltr'>declarandum</span> <span class='ocrx_word' id='word_1_53' title='bbox 1708 417 1739 445; x_wconf 80' lang='lat' dir='ltr'>ct</span> <span class='ocrx_word' id='word_1_54' title='bbox 1767 424 1825 458; x_wconf 92' lang='lat' dir='ltr'>per</span> <span class='ocrx_word' id='word_1_55' title='bbox 1854 413 1990 446; x_wconf 85' lang='lat' dir='ltr'>alteram</span> 
     </span>
     <span class='ocr_line' id='line_1_7' title="bbox 139 470 1994 519; baseline 0.002 -15"><span class='ocrx_word' id='word_1_56' title='bbox 139 476 264 517; x_wconf 78' lang='lat' dir='ltr'>partem</span> <span class='ocrx_word' id='word_1_57' title='bbox 295 471 456 504; x_wconf 66' lang='lat' dir='ltr'>declarari</span> <span class='ocrx_word' id='word_1_58' title='bbox 497 470 674 504; x_wconf 61' lang='lat' dir='ltr'>videndum</span> <span class='ocrx_word' id='word_1_59' title='bbox 712 472 903 515; x_wconf 73' lang='lat' dir='ltr'>posicioncs</span> <span class='ocrx_word' id='word_1_60' title='bbox 939 474 970 503; x_wconf 87' lang='lat' dir='ltr'>et</span> <span class='ocrx_word' id='word_1_61' title='bbox 1000 471 1172 504; x_wconf 73' lang='lat' dir='ltr'>Articulos</span> <span class='ocrx_word' id='word_1_62' title='bbox 1209 471 1364 505; x_wconf 76' lang='lat' dir='ltr'>hincinde</span> <span class='ocrx_word' id='word_1_63' title='bbox 1403 475 1433 505; x_wconf 94' lang='lat' dir='ltr'>in</span> <span class='ocrx_word' id='word_1_64' title='bbox 1464 483 1567 506; x_wconf 85' lang='lat' dir='ltr'>causa</span> <span class='ocrx_word' id='word_1_65' title='bbox 1596 472 1781 507; x_wconf 75' lang='lat' dir='ltr'>huiusmodi</span> <span class='ocrx_word' id='word_1_66' title='bbox 1812 473 1905 507; x_wconf 88' lang='lat' dir='ltr'>datos</span> <span class='ocrx_word' id='word_1_67' title='bbox 1933 485 1994 519; x_wconf 86' lang='lat' dir='ltr'>per</span> 
     </span>
     <span class='ocr_line' id='line_1_8' title="bbox 140 530 1993 577; baseline 0.002 -13"><span class='ocrx_word' id='word_1_68' title='bbox 140 531 305 577; x_wconf 78' lang='lat' dir='ltr'>quendam</span> <span class='ocrx_word' id='word_1_69' title='bbox 349 531 470 564; x_wconf 84' lang='lat' dir='ltr'>domini</span> <span class='ocrx_word' id='word_1_70' title='bbox 515 542 598 576; x_wconf 83' lang='lat' dir='ltr'>pape</span> <span class='ocrx_word' id='word_1_71' title='bbox 641 541 812 563; x_wconf 76' lang='lat' dir='ltr'>cursorem</span> <span class='ocrx_word' id='word_1_72' title='bbox 857 533 950 563; x_wconf 89' lang='lat' dir='ltr'>citari</span> <span class='ocrx_word' id='word_1_73' title='bbox 995 530 1161 565; x_wconf 85' lang='lat' dir='ltr'>mandauit</span> <span class='ocrx_word' id='word_1_74' title='bbox 1197 536 1228 565; x_wconf 90' lang='lat' dir='ltr'>et</span> <span class='ocrx_word' id='word_1_75' title='bbox 1264 530 1343 566; x_wconf 74' lang='lat' dir='ltr'>fecit</span> <span class='ocrx_word' id='word_1_76' title='bbox 1372 532 1411 566; x_wconf 91' lang='lat' dir='ltr'>ad</span> <span class='ocrx_word' id='word_1_77' title='bbox 1442 537 1566 566; x_wconf 87' lang='lat' dir='ltr'>certam</span> <span class='ocrx_word' id='word_1_78' title='bbox 1597 532 1682 567; x_wconf 87' lang='lat' dir='ltr'>diem</span> <span class='ocrx_word' id='word_1_79' title='bbox 1712 534 1818 568; x_wconf 89' lang='lat' dir='ltr'>eidem</span> <span class='ocrx_word' id='word_1_80' title='bbox 1847 534 1993 568; x_wconf 85' lang='lat' dir='ltr'>Johanni</span> 
     </span>
     <span class='ocr_line' id='line_1_9' title="bbox 139 590 1991 639; baseline 0.003 -17"><span class='ocrx_word' id='word_1_81' title='bbox 139 592 309 637; x_wconf 78' lang='lat' dir='ltr'>principali</span> <span class='ocrx_word' id='word_1_82' title='bbox 340 591 478 625; x_wconf 72' lang='lat' dir='ltr'>similem</span> <span class='ocrx_word' id='word_1_83' title='bbox 516 593 688 624; x_wconf 88' lang='lat' dir='ltr'>terminum</span> <span class='ocrx_word' id='word_1_84' title='bbox 723 590 926 634; x_wconf 71' lang='lat' dir='ltr'>assiguando</span> <span class='ocrx_word' id='word_1_85' title='bbox 961 590 996 624; x_wconf 88' lang='lat' dir='ltr'>In</span> <span class='ocrx_word' id='word_1_86' title='bbox 1027 603 1088 636; x_wconf 88' lang='lat' dir='ltr'>qua</span> <span class='ocrx_word' id='word_1_87' title='bbox 1119 591 1249 637; x_wconf 89' lang='lat' dir='ltr'>quidem</span> <span class='ocrx_word' id='word_1_88' title='bbox 1279 592 1331 626; x_wconf 88' lang='lat' dir='ltr'>die</span> <span class='ocrx_word' id='word_1_89' title='bbox 1359 593 1630 639; x_wconf 74' lang='lat' dir='ltr'>comparentibus</span> <span class='ocrx_word' id='word_1_90' title='bbox 1660 596 1691 627; x_wconf 91' lang='lat' dir='ltr'>in</span> <span class='ocrx_word' id='word_1_91' title='bbox 1719 593 1851 628; x_wconf 81' lang='lat' dir='ltr'>Judicio</span> <span class='ocrx_word' id='word_1_92' title='bbox 1880 606 1991 628; x_wconf 87' lang='lat' dir='ltr'>coram</span> 
     </span>
     <span class='ocr_line' id='line_1_10' title="bbox 141 650 1992 702; baseline 0.003 -18"><span class='ocrx_word' id='word_1_93' title='bbox 141 652 270 699; x_wconf 76' lang='lat' dir='ltr'>prefato</span> <span class='ocrx_word' id='word_1_94' title='bbox 300 652 433 685; x_wconf 83' lang='lat' dir='ltr'>domino</span> <span class='ocrx_word' id='word_1_95' title='bbox 464 650 635 696; x_wconf 86' lang='lat' dir='ltr'>Stephano</span> <span class='ocrx_word' id='word_1_96' title='bbox 665 650 829 685; x_wconf 81' lang='lat' dir='ltr'>Auditore</span> <span class='ocrx_word' id='word_1_97' title='bbox 858 651 1013 685; x_wconf 74' lang='lat' dir='ltr'>Jotiannc</span> <span class='ocrx_word' id='word_1_98' title='bbox 1041 651 1169 686; x_wconf 79' lang='lat' dir='ltr'>Alberti</span> <span class='ocrx_word' id='word_1_99' title='bbox 1209 653 1379 699; x_wconf 89' lang='lat' dir='ltr'>principali</span> <span class='ocrx_word' id='word_1_100' title='bbox 1418 657 1499 687; x_wconf 88' lang='lat' dir='ltr'>citra</span> <span class='ocrx_word' id='word_1_101' title='bbox 1538 656 1794 688; x_wconf 89' lang='lat' dir='ltr'>reuocacionem</span> <span class='ocrx_word' id='word_1_102' title='bbox 1823 665 1992 702; x_wconf 88' lang='lat' dir='ltr'>procura—</span> 
     </span>
     <span class='ocr_line' id='line_1_11' title="bbox 143 712 1995 761; baseline 0.001 -14"><span class='ocrx_word' id='word_1_103' title='bbox 143 720 247 747; x_wconf 88' lang='lat' dir='ltr'>torum</span> <span class='ocrx_word' id='word_1_104' title='bbox 280 724 413 747; x_wconf 80' lang='lat' dir='ltr'>suorum</span> <span class='ocrx_word' id='word_1_105' title='bbox 444 724 484 746; x_wconf 54' lang='lat' dir='ltr'>ixx</span> <span class='ocrx_word' id='word_1_106' title='bbox 516 717 609 758; x_wconf 87' lang='lat' dir='ltr'>parte</span> <span class='ocrx_word' id='word_1_107' title='bbox 639 723 704 746; x_wconf 75' lang='lat' dir='ltr'>vna</span> <span class='ocrx_word' id='word_1_108' title='bbox 735 717 765 746; x_wconf 87' lang='lat' dir='ltr'>ct</span> <span class='ocrx_word' id='word_1_109' title='bbox 795 712 933 746; x_wconf 88' lang='lat' dir='ltr'>henrico</span> <span class='ocrx_word' id='word_1_110' title='bbox 963 712 1086 759; x_wconf 77' lang='lat' dir='ltr'>Biscop</span> <span class='ocrx_word' id='word_1_111' title='bbox 1115 718 1335 759; x_wconf 80' lang='lat' dir='ltr'>procuratore</span> <span class='ocrx_word' id='word_1_112' title='bbox 1355 714 1514 760; x_wconf 76' lang='lat' dir='ltr'>predictis</span> <span class='ocrx_word' id='word_1_113' title='bbox 1544 725 1587 748; x_wconf 83' lang='lat' dir='ltr'>ex</span> <span class='ocrx_word' id='word_1_114' title='bbox 1608 714 1711 748; x_wconf 88' lang='lat' dir='ltr'>altera</span> <span class='ocrx_word' id='word_1_115' title='bbox 1741 719 1774 748; x_wconf 91' lang='lat' dir='ltr'>et</span> <span class='ocrx_word' id='word_1_116' title='bbox 1793 726 1853 760; x_wconf 89' lang='lat' dir='ltr'>pei·</span> <span class='ocrx_word' id='word_1_117' title='bbox 1873 727 1995 761; x_wconf 90' lang='lat' dir='ltr'>quem-</span> 
     </span>
     <span class='ocr_line' id='line_1_12' title="bbox 142 773 1994 820; baseline 0.002 -13"><span class='ocrx_word' id='word_1_118' title='bbox 142 774 217 808; x_wconf 85' lang='lat' dir='ltr'>lihet</span> <span class='ocrx_word' id='word_1_119' title='bbox 253 778 397 820; x_wconf 79' lang='lat' dir='ltr'>ipsorum</span> <span class='ocrx_word' id='word_1_120' title='bbox 428 774 466 806; x_wconf 92' lang='lat' dir='ltr'>ad</span> <span class='ocrx_word' id='word_1_121' title='bbox 497 776 689 819; x_wconf 85' lang='lat' dir='ltr'>posiciones</span> <span class='ocrx_word' id='word_1_122' title='bbox 719 779 749 807; x_wconf 86' lang='lat' dir='ltr'>et</span> <span class='ocrx_word' id='word_1_123' title='bbox 779 773 948 808; x_wconf 73' lang='lat' dir='ltr'>Articulos</span> <span class='ocrx_word' id='word_1_124' title='bbox 978 773 1188 820; x_wconf 85' lang='lat' dir='ltr'>supradictos</span> <span class='ocrx_word' id='word_1_125' title='bbox 1217 774 1301 808; x_wconf 89' lang='lat' dir='ltr'>datis</span> <span class='ocrx_word' id='word_1_126' title='bbox 1331 775 1495 809; x_wconf 89' lang='lat' dir='ltr'>nonnullis</span> <span class='ocrx_word' id='word_1_127' title='bbox 1525 774 1811 808; x_wconf 65' lang='lat' dir='ltr'>decimacionibus</span> <span class='ocrx_word' id='word_1_128' title='bbox 1840 774 1994 810; x_wconf 80' lang='lat' dir='ltr'>hincinde</span> 
     </span>
     <span class='ocr_line' id='line_1_13' title="bbox 144 833 1994 881; baseline 0.001 -14"><span class='ocrx_word' id='word_1_129' title='bbox 144 840 173 868; x_wconf 77' lang='lat' dir='ltr'>et</span> <span class='ocrx_word' id='word_1_130' title='bbox 205 834 244 868; x_wconf 87' lang='lat' dir='ltr'>ad</span> <span class='ocrx_word' id='word_1_131' title='bbox 275 835 528 868; x_wconf 67' lang='lat' dir='ltr'>det-laraciones</span> <span class='ocrx_word' id='word_1_132' title='bbox 560 837 648 880; x_wconf 85' lang='lat' dir='ltr'>ipsas</span> <span class='ocrx_word' id='word_1_133' title='bbox 688 833 849 878; x_wconf 77' lang='lat' dir='ltr'>aliquibus</span> <span class='ocrx_word' id='word_1_134' title='bbox 888 833 1153 880; x_wconf 78' lang='lat' dir='ltr'>excepcionibus</span> <span class='ocrx_word' id='word_1_135' title='bbox 1189 839 1299 868; x_wconf 88' lang='lat' dir='ltr'>tamen</span> <span class='ocrx_word' id='word_1_136' title='bbox 1329 834 1518 869; x_wconf 87' lang='lat' dir='ltr'>uerbalibus</span> <span class='ocrx_word' id='word_1_137' title='bbox 1548 835 1633 880; x_wconf 89' lang='lat' dir='ltr'>quod</span> <span class='ocrx_word' id='word_1_138' title='bbox 1664 839 1770 869; x_wconf 88' lang='lat' dir='ltr'>eciam</span> <span class='ocrx_word' id='word_1_139' title='bbox 1799 838 1831 869; x_wconf 93' lang='lat' dir='ltr'>iu</span> <span class='ocrx_word' id='word_1_140' title='bbox 1861 838 1994 881; x_wconf 88' lang='lat' dir='ltr'>scriptis</span> 
     </span>
     <span class='ocr_line' id='line_1_14' title="bbox 139 893 1994 940; baseline 0.001 -12"><span class='ocrx_word' id='word_1_141' title='bbox 139 895 293 928; x_wconf 75' lang='lat' dir='ltr'>hincinde</span> <span class='ocrx_word' id='word_1_142' title='bbox 326 896 419 928; x_wconf 83' lang='lat' dir='ltr'>t&#39;actis</span> <span class='ocrx_word' id='word_1_143' title='bbox 449 899 478 927; x_wconf 89' lang='lat' dir='ltr'>ct</span> <span class='ocrx_word' id='word_1_144' title='bbox 509 894 703 940; x_wconf 86' lang='lat' dir='ltr'>quibusdam</span> <span class='ocrx_word' id='word_1_145' title='bbox 734 893 1014 940; x_wconf 87' lang='lat' dir='ltr'>replicacionihus</span> <span class='ocrx_word' id='word_1_146' title='bbox 1043 894 1234 929; x_wconf 80' lang='lat' dir='ltr'>subsecutis</span> <span class='ocrx_word' id='word_1_147' title='bbox 1264 898 1295 929; x_wconf 96' lang='lat' dir='ltr'>in</span> <span class='ocrx_word' id='word_1_148' title='bbox 1325 898 1472 930; x_wconf 89' lang='lat' dir='ltr'>terminis</span> <span class='ocrx_word' id='word_1_149' title='bbox 1502 895 1540 929; x_wconf 91' lang='lat' dir='ltr'>ad</span> <span class='ocrx_word' id='word_1_150' title='bbox 1571 896 1720 940; x_wconf 81' lang='lat' dir='ltr'>singulos</span> <span class='ocrx_word' id='word_1_151' title='bbox 1750 900 1844 929; x_wconf 87' lang='lat' dir='ltr'>actus</span> <span class='ocrx_word' id='word_1_152' title='bbox 1874 896 1994 931; x_wconf 89' lang='lat' dir='ltr'>huius-—</span> 
     </span>
     <span class='ocr_line' id='line_1_15' title="bbox 142 946 1991 1003; baseline 0.001 -14"><span class='ocrx_word' id='word_1_153' title='bbox 142 955 227 989; x_wconf 90' lang='lat' dir='ltr'>modi</span> <span class='ocrx_word' id='word_1_154' title='bbox 258 967 315 1001; x_wconf 72' lang='lat' dir='ltr'>per</span> <span class='ocrx_word' id='word_1_155' title='bbox 345 955 485 988; x_wconf 80' lang='lat' dir='ltr'>cundem</span> <span class='ocrx_word' id='word_1_156' title='bbox 516 946 684 989; x_wconf 90' lang='lat' dir='ltr'>domiuum</span> <span class='ocrx_word' id='word_1_157' title='bbox 716 954 918 1001; x_wconf 82' lang='lat' dir='ltr'>Stephanum</span> <span class='ocrx_word' id='word_1_158' title='bbox 949 954 1146 989; x_wconf 79' lang='lat' dir='ltr'>Auditorcm</span> <span class='ocrx_word' id='word_1_159' title='bbox 1173 956 1299 990; x_wconf 89' lang='lat' dir='ltr'>eisdem</span> <span class='ocrx_word' id='word_1_160' title='bbox 1320 956 1467 1002; x_wconf 90' lang='lat' dir='ltr'>partibus</span> <span class='ocrx_word' id='word_1_161' title='bbox 1488 959 1722 1003; x_wconf 89' lang='lat' dir='ltr'>peremptoriis</span> <span class='ocrx_word' id='word_1_162' title='bbox 1742 961 1775 990; x_wconf 92' lang='lat' dir='ltr'>et</span> <span class='ocrx_word' id='word_1_163' title='bbox 1794 959 1991 990; x_wconf 85' lang='lat' dir='ltr'>successiue</span> 
     </span>
     <span class='ocr_line' id='line_1_16' title="bbox 142 1015 1994 1063; baseline 0.002 -14"><span class='ocrx_word' id='word_1_164' title='bbox 142 1017 277 1062; x_wconf 74' lang='lat' dir='ltr'>prolixis</span> <span class='ocrx_word' id='word_1_165' title='bbox 318 1015 455 1049; x_wconf 84' lang='lat' dir='ltr'>Demum</span> <span class='ocrx_word' id='word_1_166' title='bbox 496 1016 579 1049; x_wconf 87' lang='lat' dir='ltr'>idem</span> <span class='ocrx_word' id='word_1_167' title='bbox 620 1016 771 1049; x_wconf 79' lang='lat' dir='ltr'>dontinus</span> <span class='ocrx_word' id='word_1_168' title='bbox 803 1015 994 1061; x_wconf 79' lang='lat' dir='ltr'>Stephanus</span> <span class='ocrx_word' id='word_1_169' title='bbox 1026 1016 1165 1050; x_wconf 88' lang='lat' dir='ltr'>Auditor</span> <span class='ocrx_word' id='word_1_170' title='bbox 1207 1022 1280 1063; x_wconf 83' lang='lat' dir='ltr'>post</span> <span class='ocrx_word' id='word_1_171' title='bbox 1318 1018 1495 1051; x_wconf 89' lang='lat' dir='ltr'>nonnullos</span> <span class='ocrx_word' id='word_1_172' title='bbox 1531 1018 1613 1052; x_wconf 88' lang='lat' dir='ltr'>alios</span> <span class='ocrx_word' id='word_1_173' title='bbox 1651 1021 1745 1051; x_wconf 87' lang='lat' dir='ltr'>actus</span> <span class='ocrx_word' id='word_1_174' title='bbox 1774 1020 1859 1051; x_wconf 90' lang='lat' dir='ltr'>inter</span> <span class='ocrx_word' id='word_1_175' title='bbox 1888 1017 1994 1052; x_wconf 88' lang='lat' dir='ltr'>dictas</span> 
     </span>
     <span class='ocr_line' id='line_1_17' title="bbox 146 1076 1995 1123; baseline 0.001 -13"><span class='ocrx_word' id='word_1_176' title='bbox 146 1082 258 1123; x_wconf 74' lang='lat' dir='ltr'>partes</span> <span class='ocrx_word' id='word_1_177' title='bbox 289 1088 399 1109; x_wconf 74' lang='lat' dir='ltr'>curam</span> <span class='ocrx_word' id='word_1_178' title='bbox 430 1088 469 1110; x_wconf 83' lang='lat' dir='ltr'>eo</span> <span class='ocrx_word' id='word_1_179' title='bbox 500 1076 629 1110; x_wconf 88' lang='lat' dir='ltr'>habitos</span> <span class='ocrx_word' id='word_1_180' title='bbox 660 1079 690 1110; x_wconf 93' lang='lat' dir='ltr'>in</span> <span class='ocrx_word' id='word_1_181' title='bbox 721 1088 824 1110; x_wconf 85' lang='lat' dir='ltr'>causa</span> <span class='ocrx_word' id='word_1_182' title='bbox 854 1076 1039 1110; x_wconf 80' lang='lat' dir='ltr'>huiusmodi</span> <span class='ocrx_word' id='word_1_183' title='bbox 1068 1077 1193 1111; x_wconf 84' lang='lat' dir='ltr'>eisdem</span> <span class='ocrx_word' id='word_1_184' title='bbox 1222 1077 1366 1111; x_wconf 84' lang='lat' dir='ltr'>Johanni</span> <span class='ocrx_word' id='word_1_185' title='bbox 1395 1077 1525 1112; x_wconf 81' lang='lat' dir='ltr'>Albcrti</span> <span class='ocrx_word' id='word_1_186' title='bbox 1554 1077 1729 1123; x_wconf 88' lang='lat' dir='ltr'>principali</span> <span class='ocrx_word' id='word_1_187' title='bbox 1757 1080 1839 1111; x_wconf 85' lang='lat' dir='ltr'>citi-a</span> <span class='ocrx_word' id='word_1_188' title='bbox 1868 1088 1995 1123; x_wconf 89' lang='lat' dir='ltr'>procu-</span> 
     </span>
     <span class='ocr_line' id='line_1_18' title="bbox 142 1136 1995 1183; baseline 0.001 -13"><span class='ocrx_word' id='word_1_189' title='bbox 142 1142 292 1171; x_wconf 84' lang='lat' dir='ltr'>ratorum</span> <span class='ocrx_word' id='word_1_190' title='bbox 323 1148 457 1170; x_wconf 80' lang='lat' dir='ltr'>suorum</span> <span class='ocrx_word' id='word_1_191' title='bbox 487 1139 742 1170; x_wconf 75' lang='lat' dir='ltr'>reuocacionem</span> <span class='ocrx_word' id='word_1_192' title='bbox 787 1141 818 1169; x_wconf 85' lang='lat' dir='ltr'>ct</span> <span class='ocrx_word' id='word_1_193' title='bbox 862 1136 999 1171; x_wconf 86' lang='lat' dir='ltr'>henrico</span> <span class='ocrx_word' id='word_1_194' title='bbox 1037 1140 1243 1183; x_wconf 87' lang='lat' dir='ltr'>procuratori</span> <span class='ocrx_word' id='word_1_195' title='bbox 1276 1137 1432 1183; x_wconf 73' lang='lat' dir='ltr'>predictis</span> <span class='ocrx_word' id='word_1_196' title='bbox 1471 1149 1583 1171; x_wconf 89' lang='lat' dir='ltr'>coram</span> <span class='ocrx_word' id='word_1_197' title='bbox 1624 1137 1741 1171; x_wconf 84' lang='lat' dir='ltr'>codem</span> <span class='ocrx_word' id='word_1_198' title='bbox 1770 1136 1933 1172; x_wconf 83' lang='lat' dir='ltr'>Auditore</span> <span class='ocrx_word' id='word_1_199' title='bbox 1962 1140 1995 1171; x_wconf 91' lang='lat' dir='ltr'>in</span> 
     </span>
     <span class='ocr_line' id='line_1_19' title="bbox 149 1196 1997 1244; baseline 0 -13"><span class='ocrx_word' id='word_1_200' title='bbox 149 1197 283 1231; x_wconf 80' lang='lat' dir='ltr'>Judicio</span> <span class='ocrx_word' id='word_1_201' title='bbox 314 1196 583 1243; x_wconf 73' lang='lat' dir='ltr'>comparentibus</span> <span class='ocrx_word' id='word_1_202' title='bbox 613 1196 651 1229; x_wconf 92' lang='lat' dir='ltr'>ad</span> <span class='ocrx_word' id='word_1_203' title='bbox 682 1196 929 1242; x_wconf 87' lang='lat' dir='ltr'>producendum</span> <span class='ocrx_word' id='word_1_204' title='bbox 975 1201 1007 1230; x_wconf 83' lang='lat' dir='ltr'>ct</span> <span class='ocrx_word' id='word_1_205' title='bbox 1048 1208 1109 1244; x_wconf 90' lang='lat' dir='ltr'>per</span> <span class='ocrx_word' id='word_1_206' title='bbox 1144 1199 1281 1232; x_wconf 87' lang='lat' dir='ltr'>alteram</span> <span class='ocrx_word' id='word_1_207' title='bbox 1317 1202 1443 1244; x_wconf 89' lang='lat' dir='ltr'>partem</span> <span class='ocrx_word' id='word_1_208' title='bbox 1486 1197 1623 1244; x_wconf 86' lang='lat' dir='ltr'>produci</span> <span class='ocrx_word' id='word_1_209' title='bbox 1665 1197 1845 1231; x_wconf 79' lang='lat' dir='ltr'>videndum</span> <span class='ocrx_word' id='word_1_210' title='bbox 1887 1200 1997 1232; x_wconf 90' lang='lat' dir='ltr'>omnia</span> 
     </span>
     <span class='ocr_line' id='line_1_20' title="bbox 148 1257 1995 1304; baseline 0.001 -13"><span class='ocrx_word' id='word_1_211' title='bbox 148 1263 221 1291; x_wconf 83' lang='lat' dir='ltr'>acta</span> <span class='ocrx_word' id='word_1_212' title='bbox 251 1261 319 1291; x_wconf 87' lang='lat' dir='ltr'>iura</span> <span class='ocrx_word' id='word_1_213' title='bbox 351 1258 460 1291; x_wconf 82' lang='lat' dir='ltr'>literas</span> <span class='ocrx_word' id='word_1_214' title='bbox 490 1262 520 1291; x_wconf 80' lang='lat' dir='ltr'>et</span> <span class='ocrx_word' id='word_1_215' title='bbox 549 1257 773 1291; x_wconf 85' lang='lat' dir='ltr'>Instrumenta</span> <span class='ocrx_word' id='word_1_216' title='bbox 803 1269 841 1291; x_wconf 89' lang='lat' dir='ltr'>ac</span> <span class='ocrx_word' id='word_1_217' title='bbox 873 1260 1076 1292; x_wconf 89' lang='lat' dir='ltr'>munimenta</span> <span class='ocrx_word' id='word_1_218' title='bbox 1106 1263 1138 1292; x_wconf 88' lang='lat' dir='ltr'>et</span> <span class='ocrx_word' id='word_1_219' title='bbox 1167 1259 1230 1292; x_wconf 89' lang='lat' dir='ltr'>aha</span> <span class='ocrx_word' id='word_1_220' title='bbox 1260 1258 1376 1303; x_wconf 88' lang='lat' dir='ltr'>quibus</span> <span class='ocrx_word' id='word_1_221' title='bbox 1405 1263 1516 1304; x_wconf 88' lang='lat' dir='ltr'>partes</span> <span class='ocrx_word' id='word_1_222' title='bbox 1537 1262 1609 1304; x_wconf 89' lang='lat' dir='ltr'>ipse</span> <span class='ocrx_word' id='word_1_223' title='bbox 1633 1261 1664 1292; x_wconf 93' lang='lat' dir='ltr'>in</span> <span class='ocrx_word' id='word_1_224' title='bbox 1687 1258 1870 1293; x_wconf 84' lang='lat' dir='ltr'>huiusmodi</span> <span class='ocrx_word' id='word_1_225' title='bbox 1893 1270 1995 1293; x_wconf 86' lang='lat' dir='ltr'>causa</span> 
     </span>
     <span class='ocr_line' id='line_1_21' title="bbox 144 1318 1997 1366; baseline 0 -14"><span class='ocrx_word' id='word_1_226' title='bbox 144 1323 187 1352; x_wconf 91' lang='lat' dir='ltr'>uti</span> <span class='ocrx_word' id='word_1_227' title='bbox 220 1318 468 1352; x_wconf 73' lang='lat' dir='ltr'>intercedeluint</span> <span class='ocrx_word' id='word_1_228' title='bbox 497 1323 623 1351; x_wconf 83' lang='lat' dir='ltr'>certum</span> <span class='ocrx_word' id='word_1_229' title='bbox 655 1321 838 1362; x_wconf 78' lang='lat' dir='ltr'>assignauit</span> <span class='ocrx_word' id='word_1_230' title='bbox 870 1322 1058 1364; x_wconf 77' lang='lat' dir='ltr'>perempter</span> <span class='ocrx_word' id='word_1_231' title='bbox 1087 1322 1262 1353; x_wconf 84' lang='lat' dir='ltr'>terminum</span> <span class='ocrx_word' id='word_1_232' title='bbox 1292 1324 1535 1366; x_wconf 83' lang='lat' dir='ltr'>competentem</span> <span class='ocrx_word' id='word_1_233' title='bbox 1560 1319 1596 1353; x_wconf 89' lang='lat' dir='ltr'>ln</span> <span class='ocrx_word' id='word_1_234' title='bbox 1617 1330 1681 1365; x_wconf 90' lang='lat' dir='ltr'>quo</span> <span class='ocrx_word' id='word_1_235' title='bbox 1702 1319 1833 1365; x_wconf 90' lang='lat' dir='ltr'>quidem</span> <span class='ocrx_word' id='word_1_236' title='bbox 1856 1322 1997 1353; x_wconf 88' lang='lat' dir='ltr'>termino</span> 
     </span>
     <span class='ocr_line' id='line_1_22' title="bbox 146 1379 1996 1426; baseline 0.001 -14"><span class='ocrx_word' id='word_1_237' title='bbox 146 1391 346 1426; x_wconf 72' lang='lat' dir='ltr'>comparens</span> <span class='ocrx_word' id='word_1_238' title='bbox 377 1383 406 1413; x_wconf 87' lang='lat' dir='ltr'>in</span> <span class='ocrx_word' id='word_1_239' title='bbox 438 1379 562 1413; x_wconf 79' lang='lat' dir='ltr'>Iudicio</span> <span class='ocrx_word' id='word_1_240' title='bbox 592 1391 705 1413; x_wconf 82' lang='lat' dir='ltr'>coram</span> <span class='ocrx_word' id='word_1_241' title='bbox 735 1379 886 1424; x_wconf 84' lang='lat' dir='ltr'>predicto</span> <span class='ocrx_word' id='word_1_242' title='bbox 916 1379 1049 1413; x_wconf 88' lang='lat' dir='ltr'>domino</span> <span class='ocrx_word' id='word_1_243' title='bbox 1079 1380 1250 1426; x_wconf 89' lang='lat' dir='ltr'>Stephano</span> <span class='ocrx_word' id='word_1_244' title='bbox 1270 1380 1432 1414; x_wconf 86' lang='lat' dir='ltr'>Auditore</span> <span class='ocrx_word' id='word_1_245' title='bbox 1451 1380 1623 1414; x_wconf 65' lang='lat' dir='ltr'>,lohannes</span> <span class='ocrx_word' id='word_1_246' title='bbox 1644 1379 1773 1414; x_wconf 87' lang='lat' dir='ltr'>Alberti</span> <span class='ocrx_word' id='word_1_247' title='bbox 1803 1380 1996 1426; x_wconf 84' lang='lat' dir='ltr'>principalis</span> 
     </span>
     <span class='ocr_line' id='line_1_23' title="bbox 146 1440 1995 1487; baseline 0 -14"><span class='ocrx_word' id='word_1_248' title='bbox 146 1441 310 1487; x_wconf 77' lang='lat' dir='ltr'>predictus</span> <span class='ocrx_word' id='word_1_249' title='bbox 347 1441 570 1486; x_wconf 78' lang='lat' dir='ltr'>principaliter</span> <span class='ocrx_word' id='word_1_250' title='bbox 610 1452 668 1486; x_wconf 91' lang='lat' dir='ltr'>pro</span> <span class='ocrx_word' id='word_1_251' title='bbox 705 1451 741 1473; x_wconf 86' lang='lat' dir='ltr'>se</span> <span class='ocrx_word' id='word_1_252' title='bbox 778 1443 849 1485; x_wconf 84' lang='lat' dir='ltr'>ipso</span> <span class='ocrx_word' id='word_1_253' title='bbox 884 1442 965 1473; x_wconf 84' lang='lat' dir='ltr'>citra</span> <span class='ocrx_word' id='word_1_254' title='bbox 1003 1444 1113 1474; x_wconf 83' lang='lat' dir='ltr'>tamen</span> <span class='ocrx_word' id='word_1_255' title='bbox 1143 1445 1396 1486; x_wconf 86' lang='lat' dir='ltr'>procuratorum</span> <span class='ocrx_word' id='word_1_256' title='bbox 1424 1452 1558 1474; x_wconf 89' lang='lat' dir='ltr'>suorum</span> <span class='ocrx_word' id='word_1_257' title='bbox 1587 1444 1846 1475; x_wconf 87' lang='lat' dir='ltr'>reuocacionem</span> <span class='ocrx_word' id='word_1_258' title='bbox 1875 1440 1995 1487; x_wconf 85' lang='lat' dir='ltr'>prefati</span> 
     </span>
     <span class='ocr_line' id='line_1_24' title="bbox 147 1502 1998 1547; baseline -0.001 -12"><span class='ocrx_word' id='word_1_259' title='bbox 147 1502 278 1535; x_wconf 80' lang='lat' dir='ltr'>Heni-ici</span> <span class='ocrx_word' id='word_1_260' title='bbox 310 1503 538 1547; x_wconf 84' lang='lat' dir='ltr'>procuratoris</span> <span class='ocrx_word' id='word_1_261' title='bbox 568 1512 633 1534; x_wconf 87' lang='lat' dir='ltr'>uon</span> <span class='ocrx_word' id='word_1_262' title='bbox 663 1503 889 1546; x_wconf 79' lang='lat' dir='ltr'>comparentis</span> <span class='ocrx_word' id='word_1_263' title='bbox 918 1504 1162 1535; x_wconf 83' lang='lat' dir='ltr'>contumaciam</span> <span class='ocrx_word' id='word_1_264' title='bbox 1193 1503 1364 1535; x_wconf 87' lang='lat' dir='ltr'>accusauit</span> <span class='ocrx_word' id='word_1_265' title='bbox 1392 1506 1509 1547; x_wconf 88' lang='lat' dir='ltr'>petens</span> <span class='ocrx_word' id='word_1_266' title='bbox 1539 1504 1644 1547; x_wconf 91' lang='lat' dir='ltr'>ipsum</span> <span class='ocrx_word' id='word_1_267' title='bbox 1674 1506 1905 1536; x_wconf 82' lang='lat' dir='ltr'>contumacem</span> <span class='ocrx_word' id='word_1_268' title='bbox 1934 1512 1998 1534; x_wconf 88' lang='lat' dir='ltr'>re-</span> 
     </span>
     <span class='ocr_line' id='line_1_25' title="bbox 148 1561 1999 1608; baseline -0.001 -13"><span class='ocrx_word' id='word_1_269' title='bbox 148 1566 264 1607; x_wconf 87' lang='lat' dir='ltr'>putari.</span> <span class='ocrx_word' id='word_1_270' title='bbox 296 1565 325 1595; x_wconf 91' lang='lat' dir='ltr'>iu</span> <span class='ocrx_word' id='word_1_271' title='bbox 356 1565 427 1595; x_wconf 86' lang='lat' dir='ltr'>eius</span> <span class='ocrx_word' id='word_1_272' title='bbox 457 1565 701 1595; x_wconf 83' lang='lat' dir='ltr'>contumaciam</span> <span class='ocrx_word' id='word_1_273' title='bbox 731 1561 887 1594; x_wconf 91' lang='lat' dir='ltr'>nonnulla</span> <span class='ocrx_word' id='word_1_274' title='bbox 919 1561 1033 1595; x_wconf 83' lang='lat' dir='ltr'>literas</span> <span class='ocrx_word' id='word_1_275' title='bbox 1064 1562 1282 1608; x_wconf 88' lang='lat' dir='ltr'>Apostolicas</span> <span class='ocrx_word' id='word_1_276' title='bbox 1311 1561 1535 1596; x_wconf 84' lang='lat' dir='ltr'>Instrumenta</span> <span class='ocrx_word' id='word_1_277' title='bbox 1563 1561 1694 1608; x_wconf 90' lang='lat' dir='ltr'>publica</span> <span class='ocrx_word' id='word_1_278' title='bbox 1724 1566 1755 1595; x_wconf 90' lang='lat' dir='ltr'>et</span> <span class='ocrx_word' id='word_1_279' title='bbox 1785 1562 1847 1595; x_wconf 88' lang='lat' dir='ltr'>alia</span> <span class='ocrx_word' id='word_1_280' title='bbox 1874 1565 1944 1596; x_wconf 85' lang='lat' dir='ltr'>iura</span> <span class='ocrx_word' id='word_1_281' title='bbox 1966 1566 1999 1595; x_wconf 90' lang='lat' dir='ltr'>et</span> 
     </span>
     <span class='ocr_line' id='line_1_26' title="bbox 147 1621 1997 1668; baseline 0.001 -13"><span class='ocrx_word' id='word_1_282' title='bbox 147 1626 346 1656; x_wconf 80' lang='lat' dir='ltr'>munimenta</span> <span class='ocrx_word' id='word_1_283' title='bbox 376 1622 493 1666; x_wconf 80' lang='lat' dir='ltr'>quihus</span> <span class='ocrx_word' id='word_1_284' title='bbox 524 1625 555 1655; x_wconf 87' lang='lat' dir='ltr'>in</span> <span class='ocrx_word' id='word_1_285' title='bbox 586 1621 772 1655; x_wconf 85' lang='lat' dir='ltr'>huiusmodi</span> <span class='ocrx_word' id='word_1_286' title='bbox 801 1632 904 1655; x_wconf 88' lang='lat' dir='ltr'>causa</span> <span class='ocrx_word' id='word_1_287' title='bbox 933 1625 978 1655; x_wconf 75' lang='lat' dir='ltr'>vti</span> <span class='ocrx_word' id='word_1_288' title='bbox 1008 1622 1111 1655; x_wconf 69' lang='lat' dir='ltr'>voluit</span> <span class='ocrx_word' id='word_1_289' title='bbox 1142 1625 1172 1656; x_wconf 94' lang='lat' dir='ltr'>in</span> <span class='ocrx_word' id='word_1_290' title='bbox 1202 1627 1357 1668; x_wconf 89' lang='lat' dir='ltr'>quantum</span> <span class='ocrx_word' id='word_1_291' title='bbox 1378 1633 1438 1668; x_wconf 90' lang='lat' dir='ltr'>pro</span> <span class='ocrx_word' id='word_1_292' title='bbox 1459 1627 1551 1668; x_wconf 81' lang='lat' dir='ltr'>parte</span> <span class='ocrx_word' id='word_1_293' title='bbox 1580 1633 1639 1656; x_wconf 88' lang='lat' dir='ltr'>sua</span> <span class='ocrx_word' id='word_1_294' title='bbox 1669 1627 1700 1656; x_wconf 89' lang='lat' dir='ltr'>et</span> <span class='ocrx_word' id='word_1_295' title='bbox 1730 1627 1845 1656; x_wconf 91' lang='lat' dir='ltr'>contra</span> <span class='ocrx_word' id='word_1_296' title='bbox 1869 1627 1997 1668; x_wconf 85' lang='lat' dir='ltr'>partem</span> 
     </span>
     <span class='ocr_line' id='line_1_27' title="bbox 147 1682 1999 1728; baseline 0.001 -13"><span class='ocrx_word' id='word_1_297' title='bbox 147 1684 321 1716; x_wconf 75' lang='lat' dir='ltr'>aduersam</span> <span class='ocrx_word' id='word_1_298' title='bbox 352 1683 517 1716; x_wconf 79' lang='lat' dir='ltr'>faciehant</span> <span class='ocrx_word' id='word_1_299' title='bbox 548 1682 708 1716; x_wconf 76' lang='lat' dir='ltr'>exhibere</span> <span class='ocrx_word' id='word_1_300' title='bbox 738 1685 867 1715; x_wconf 88' lang='lat' dir='ltr'>curauit</span> <span class='ocrx_word' id='word_1_301' title='bbox 888 1682 926 1715; x_wconf 79' lang='lat' dir='ltr'>Et</span> <span class='ocrx_word' id='word_1_302' title='bbox 958 1682 1062 1715; x_wconf 87' lang='lat' dir='ltr'>dictus</span> <span class='ocrx_word' id='word_1_303' title='bbox 1093 1682 1242 1716; x_wconf 88' lang='lat' dir='ltr'>dominus</span> <span class='ocrx_word' id='word_1_304' title='bbox 1268 1682 1456 1728; x_wconf 83' lang='lat' dir='ltr'>Stephanus</span> <span class='ocrx_word' id='word_1_305' title='bbox 1473 1682 1615 1717; x_wconf 83' lang='lat' dir='ltr'>Auditor</span> <span class='ocrx_word' id='word_1_306' title='bbox 1644 1683 1682 1716; x_wconf 88' lang='lat' dir='ltr'>ad</span> <span class='ocrx_word' id='word_1_307' title='bbox 1713 1685 1816 1728; x_wconf 86' lang='lat' dir='ltr'>ipsius</span> <span class='ocrx_word' id='word_1_308' title='bbox 1835 1682 1999 1716; x_wconf 80' lang='lat' dir='ltr'>Johannis</span> 
     </span>
     <span class='ocr_line' id='line_1_28' title="bbox 151 1742 2001 1789; baseline 0 -13"><span class='ocrx_word' id='word_1_309' title='bbox 151 1745 343 1789; x_wconf 80' lang='lat' dir='ltr'>principalis</span> <span class='ocrx_word' id='word_1_310' title='bbox 374 1746 568 1776; x_wconf 63' lang='lat' dir='ltr'>instanciam</span> <span class='ocrx_word' id='word_1_311' title='bbox 599 1743 762 1788; x_wconf 86' lang='lat' dir='ltr'>prefatum</span> <span class='ocrx_word' id='word_1_312' title='bbox 793 1742 990 1787; x_wconf 75' lang='lat' dir='ltr'>Magistrum</span> <span class='ocrx_word' id='word_1_313' title='bbox 1020 1743 1192 1777; x_wconf 87' lang='lat' dir='ltr'>henricum</span> <span class='ocrx_word' id='word_1_314' title='bbox 1222 1749 1471 1789; x_wconf 83' lang='lat' dir='ltr'>procuratorem</span> <span class='ocrx_word' id='word_1_315' title='bbox 1510 1744 1549 1777; x_wconf 85' lang='lat' dir='ltr'>ad</span> <span class='ocrx_word' id='word_1_316' title='bbox 1579 1743 1755 1777; x_wconf 89' lang='lat' dir='ltr'>dicendum</span> <span class='ocrx_word' id='word_1_317' title='bbox 1784 1747 1817 1776; x_wconf 90' lang='lat' dir='ltr'>et</span> <span class='ocrx_word' id='word_1_318' title='bbox 1844 1743 2001 1787; x_wconf 76' lang='lat' dir='ltr'>allegan—</span> 
     </span>
     <span class='ocr_line' id='line_1_29' title="bbox 151 1802 2000 1850; baseline -0.001 -13"><span class='ocrx_word' id='word_1_319' title='bbox 151 1806 224 1837; x_wconf 81' lang='lat' dir='ltr'>dum</span> <span class='ocrx_word' id='word_1_320' title='bbox 255 1804 408 1849; x_wconf 90' lang='lat' dir='ltr'>quidquid</span> <span class='ocrx_word' id='word_1_321' title='bbox 439 1804 551 1838; x_wconf 84' lang='lat' dir='ltr'>dicere</span> <span class='ocrx_word' id='word_1_322' title='bbox 581 1809 613 1837; x_wconf 86' lang='lat' dir='ltr'>et</span> <span class='ocrx_word' id='word_1_323' title='bbox 642 1804 791 1848; x_wconf 73' lang='lat' dir='ltr'>allegare</span> <span class='ocrx_word' id='word_1_324' title='bbox 821 1804 921 1837; x_wconf 69' lang='lat' dir='ltr'>veltet</span> <span class='ocrx_word' id='word_1_325' title='bbox 951 1802 1156 1837; x_wconf 83' lang='lat' dir='ltr'>verbotenus</span> <span class='ocrx_word' id='word_1_326' title='bbox 1193 1808 1225 1837; x_wconf 87' lang='lat' dir='ltr'>et</span> <span class='ocrx_word' id='word_1_327' title='bbox 1253 1807 1285 1837; x_wconf 90' lang='lat' dir='ltr'>in</span> <span class='ocrx_word' id='word_1_328' title='bbox 1318 1807 1449 1850; x_wconf 88' lang='lat' dir='ltr'>scriptis</span> <span class='ocrx_word' id='word_1_329' title='bbox 1479 1809 1593 1838; x_wconf 86' lang='lat' dir='ltr'>contra</span> <span class='ocrx_word' id='word_1_330' title='bbox 1624 1803 1784 1850; x_wconf 88' lang='lat' dir='ltr'>producta</span> <span class='ocrx_word' id='word_1_331' title='bbox 1814 1803 2000 1837; x_wconf 87' lang='lat' dir='ltr'>huiusmodi</span> 
     </span>
     <span class='ocr_line' id='line_1_30' title="bbox 151 1863 2001 1911; baseline -0.001 -13"><span class='ocrx_word' id='word_1_332' title='bbox 151 1877 210 1911; x_wconf 82' lang='lat' dir='ltr'>per</span> <span class='ocrx_word' id='word_1_333' title='bbox 240 1869 367 1898; x_wconf 85' lang='lat' dir='ltr'>certum</span> <span class='ocrx_word' id='word_1_334' title='bbox 397 1864 471 1898; x_wconf 84' lang='lat' dir='ltr'>dicti</span> <span class='ocrx_word' id='word_1_335' title='bbox 502 1865 624 1898; x_wconf 90' lang='lat' dir='ltr'>domiui</span> <span class='ocrx_word' id='word_1_336' title='bbox 661 1875 747 1910; x_wconf 84' lang='lat' dir='ltr'>pape</span> <span class='ocrx_word' id='word_1_337' title='bbox 783 1863 962 1898; x_wconf 85' lang='lat' dir='ltr'>Cursorem</span> <span class='ocrx_word' id='word_1_338' title='bbox 1002 1866 1097 1898; x_wconf 91' lang='lat' dir='ltr'>citari</span> <span class='ocrx_word' id='word_1_339' title='bbox 1134 1864 1304 1898; x_wconf 85' lang='lat' dir='ltr'>mandauit</span> <span class='ocrx_word' id='word_1_340' title='bbox 1340 1869 1373 1898; x_wconf 88' lang='lat' dir='ltr'>et</span> <span class='ocrx_word' id='word_1_341' title='bbox 1408 1864 1486 1898; x_wconf 89' lang='lat' dir='ltr'>fecit</span> <span class='ocrx_word' id='word_1_342' title='bbox 1514 1865 1553 1899; x_wconf 90' lang='lat' dir='ltr'>ad</span> <span class='ocrx_word' id='word_1_343' title='bbox 1591 1870 1716 1898; x_wconf 90' lang='lat' dir='ltr'>certum</span> <span class='ocrx_word' id='word_1_344' title='bbox 1746 1867 2001 1910; x_wconf 83' lang='lat' dir='ltr'>peremptorium</span> 
     </span>
     <span class='ocr_line' id='line_1_31' title="bbox 156 1924 2002 1972; baseline 0 -14"><span class='ocrx_word' id='word_1_345' title='bbox 156 1929 329 1959; x_wconf 86' lang='lat' dir='ltr'>terminum</span> <span class='ocrx_word' id='word_1_346' title='bbox 360 1930 601 1971; x_wconf 82' lang='lat' dir='ltr'>competentem</span> <span class='ocrx_word' id='word_1_347' title='bbox 631 1929 662 1959; x_wconf 91' lang='lat' dir='ltr'>et</span> <span class='ocrx_word' id='word_1_348' title='bbox 691 1924 777 1969; x_wconf 91' lang='lat' dir='ltr'>quod</span> <span class='ocrx_word' id='word_1_349' title='bbox 807 1928 935 1958; x_wconf 82' lang='lat' dir='ltr'>interim</span> <span class='ocrx_word' id='word_1_350' title='bbox 964 1924 1051 1958; x_wconf 89' lang='lat' dir='ltr'>idem</span> <span class='ocrx_word' id='word_1_351' title='bbox 1079 1930 1275 1971; x_wconf 85' lang='lat' dir='ltr'>procurator</span> <span class='ocrx_word' id='word_1_352' title='bbox 1303 1925 1464 1960; x_wconf 89' lang='lat' dir='ltr'>dictorum</span> <span class='ocrx_word' id='word_1_353' title='bbox 1492 1925 1729 1972; x_wconf 89' lang='lat' dir='ltr'>productorum</span> <span class='ocrx_word' id='word_1_354' title='bbox 1750 1927 1878 1970; x_wconf 90' lang='lat' dir='ltr'>copiam</span> <span class='ocrx_word' id='word_1_355' title='bbox 1907 1927 2002 1958; x_wconf 88' lang='lat' dir='ltr'>reci—</span> 
     </span>
     <span class='ocr_line' id='line_1_32' title="bbox 154 1984 2004 2033; baseline -0.002 -13"><span class='ocrx_word' id='word_1_356' title='bbox 154 1992 260 2032; x_wconf 71' lang='lat' dir='ltr'>peret,</span> <span class='ocrx_word' id='word_1_357' title='bbox 306 1997 369 2031; x_wconf 93' lang='lat' dir='ltr'>quo</span> <span class='ocrx_word' id='word_1_358' title='bbox 408 1989 546 2019; x_wconf 86' lang='lat' dir='ltr'>termino</span> <span class='ocrx_word' id='word_1_359' title='bbox 589 1985 789 2020; x_wconf 86' lang='lat' dir='ltr'>adueniente</span> <span class='ocrx_word' id='word_1_360' title='bbox 831 1985 1100 2032; x_wconf 84' lang='lat' dir='ltr'>comparentibus</span> <span class='ocrx_word' id='word_1_361' title='bbox 1135 1989 1166 2020; x_wconf 89' lang='lat' dir='ltr'>in</span> <span class='ocrx_word' id='word_1_362' title='bbox 1203 1986 1333 2020; x_wconf 87' lang='lat' dir='ltr'>Judicio</span> <span class='ocrx_word' id='word_1_363' title='bbox 1371 1997 1484 2021; x_wconf 90' lang='lat' dir='ltr'>coram</span> <span class='ocrx_word' id='word_1_364' title='bbox 1513 1986 1643 2033; x_wconf 83' lang='lat' dir='ltr'>prefato</span> <span class='ocrx_word' id='word_1_365' title='bbox 1672 1985 1803 2019; x_wconf 89' lang='lat' dir='ltr'>domino</span> <span class='ocrx_word' id='word_1_366' title='bbox 1833 1984 2004 2031; x_wconf 88' lang='lat' dir='ltr'>Stephano</span> 
     </span>
     <span class='ocr_line' id='line_1_33' title="bbox 156 2045 2006 2092; baseline -0.002 -11"><span class='ocrx_word' id='word_1_367' title='bbox 156 2048 321 2081; x_wconf 75' lang='lat' dir='ltr'>Auditore</span> <span class='ocrx_word' id='word_1_368' title='bbox 351 2046 504 2081; x_wconf 85' lang='lat' dir='ltr'>Johanne</span> <span class='ocrx_word' id='word_1_369' title='bbox 534 2047 704 2092; x_wconf 90' lang='lat' dir='ltr'>principali</span> <span class='ocrx_word' id='word_1_370' title='bbox 734 2050 814 2080; x_wconf 83' lang='lat' dir='ltr'>citra</span> <span class='ocrx_word' id='word_1_371' title='bbox 845 2050 1101 2081; x_wconf 87' lang='lat' dir='ltr'>reuocacionem</span> <span class='ocrx_word' id='word_1_372' title='bbox 1131 2051 1383 2092; x_wconf 86' lang='lat' dir='ltr'>procuratorum</span> <span class='ocrx_word' id='word_1_373' title='bbox 1414 2058 1546 2081; x_wconf 89' lang='lat' dir='ltr'>suorum</span> <span class='ocrx_word' id='word_1_374' title='bbox 1577 2058 1619 2080; x_wconf 82' lang='lat' dir='ltr'>ex</span> <span class='ocrx_word' id='word_1_375' title='bbox 1649 2051 1742 2092; x_wconf 89' lang='lat' dir='ltr'>parte</span> <span class='ocrx_word' id='word_1_376' title='bbox 1769 2057 1835 2079; x_wconf 83' lang='lat' dir='ltr'>vna</span> <span class='ocrx_word' id='word_1_377' title='bbox 1856 2050 1888 2079; x_wconf 87' lang='lat' dir='ltr'>ct</span> <span class='ocrx_word' id='word_1_378' title='bbox 1917 2045 2006 2079; x_wconf 89' lang='lat' dir='ltr'>hen-</span> 
     </span>
     <span class='ocr_line' id='line_1_34' title="bbox 158 2107 2007 2154; baseline -0.002 -12"><span class='ocrx_word' id='word_1_379' title='bbox 158 2113 229 2143; x_wconf 87' lang='lat' dir='ltr'>rico</span> <span class='ocrx_word' id='word_1_380' title='bbox 259 2109 378 2154; x_wconf 83' lang='lat' dir='ltr'>Biscop</span> <span class='ocrx_word' id='word_1_381' title='bbox 409 2112 627 2154; x_wconf 86' lang='lat' dir='ltr'>procuratore</span> <span class='ocrx_word' id='word_1_382' title='bbox 656 2107 814 2153; x_wconf 84' lang='lat' dir='ltr'>predictis</span> <span class='ocrx_word' id='word_1_383' title='bbox 844 2118 888 2141; x_wconf 82' lang='lat' dir='ltr'>ex</span> <span class='ocrx_word' id='word_1_384' title='bbox 917 2108 1021 2141; x_wconf 84' lang='lat' dir='ltr'>altera</span> <span class='ocrx_word' id='word_1_385' title='bbox 1051 2112 1083 2141; x_wconf 90' lang='lat' dir='ltr'>et</span> <span class='ocrx_word' id='word_1_386' title='bbox 1111 2119 1172 2154; x_wconf 92' lang='lat' dir='ltr'>per</span> <span class='ocrx_word' id='word_1_387' title='bbox 1200 2107 1319 2141; x_wconf 90' lang='lat' dir='ltr'>dictum</span> <span class='ocrx_word' id='word_1_388' title='bbox 1339 2107 1535 2152; x_wconf 87' lang='lat' dir='ltr'>Magistrum</span> <span class='ocrx_word' id='word_1_389' title='bbox 1556 2107 1727 2141; x_wconf 88' lang='lat' dir='ltr'>henricum</span> <span class='ocrx_word' id='word_1_390' title='bbox 1754 2110 2007 2152; x_wconf 85' lang='lat' dir='ltr'>procuratorem</span> 
     </span>
     <span class='ocr_line' id='line_1_35' title="bbox 157 2166 2008 2215; baseline -0.002 -12"><span class='ocrx_word' id='word_1_391' title='bbox 157 2174 273 2203; x_wconf 80' lang='lat' dir='ltr'>contra</span> <span class='ocrx_word' id='word_1_392' title='bbox 312 2169 473 2215; x_wconf 86' lang='lat' dir='ltr'>producta</span> <span class='ocrx_word' id='word_1_393' title='bbox 512 2168 624 2201; x_wconf 87' lang='lat' dir='ltr'>ultimo</span> <span class='ocrx_word' id='word_1_394' title='bbox 668 2179 727 2214; x_wconf 89' lang='lat' dir='ltr'>per</span> <span class='ocrx_word' id='word_1_395' title='bbox 761 2167 948 2201; x_wconf 88' lang='lat' dir='ltr'>Johannem</span> <span class='ocrx_word' id='word_1_396' title='bbox 978 2168 1109 2203; x_wconf 87' lang='lat' dir='ltr'>Alherti</span> <span class='ocrx_word' id='word_1_397' title='bbox 1151 2168 1367 2215; x_wconf 86' lang='lat' dir='ltr'>principalem</span> <span class='ocrx_word' id='word_1_398' title='bbox 1411 2168 1591 2214; x_wconf 86' lang='lat' dir='ltr'>predictum</span> <span class='ocrx_word' id='word_1_399' title='bbox 1629 2170 1660 2201; x_wconf 94' lang='lat' dir='ltr'>in</span> <span class='ocrx_word' id='word_1_400' title='bbox 1691 2178 1792 2201; x_wconf 84' lang='lat' dir='ltr'>causa</span> <span class='ocrx_word' id='word_1_401' title='bbox 1821 2166 2008 2200; x_wconf 90' lang='lat' dir='ltr'>huiusmodi</span> 
     </span>
     <span class='ocr_line' id='line_1_36' title="bbox 155 2226 2007 2275; baseline -0.001 -14"><span class='ocrx_word' id='word_1_402' title='bbox 155 2229 349 2275; x_wconf 87' lang='lat' dir='ltr'>quibusdam</span> <span class='ocrx_word' id='word_1_403' title='bbox 388 2227 652 2274; x_wconf 75' lang='lat' dir='ltr'>excepcionibus</span> <span class='ocrx_word' id='word_1_404' title='bbox 695 2227 884 2262; x_wconf 86' lang='lat' dir='ltr'>uerbalibus</span> <span class='ocrx_word' id='word_1_405' title='bbox 927 2228 1009 2262; x_wconf 79' lang='lat' dir='ltr'>datis</span> <span class='ocrx_word' id='word_1_406' title='bbox 1053 2233 1085 2262; x_wconf 91' lang='lat' dir='ltr'>et</span> <span class='ocrx_word' id='word_1_407' title='bbox 1126 2229 1221 2263; x_wconf 84' lang='lat' dir='ltr'>factis</span> <span class='ocrx_word' id='word_1_408' title='bbox 1258 2229 1415 2273; x_wconf 86' lang='lat' dir='ltr'>Idemque</span> <span class='ocrx_word' id='word_1_409' title='bbox 1458 2229 1608 2262; x_wconf 89' lang='lat' dir='ltr'>dominus</span> <span class='ocrx_word' id='word_1_410' title='bbox 1647 2227 1837 2273; x_wconf 88' lang='lat' dir='ltr'>Stephanus</span> <span class='ocrx_word' id='word_1_411' title='bbox 1865 2226 2007 2261; x_wconf 89' lang='lat' dir='ltr'>Auditor</span> 
     </span>
     <span class='ocr_line' id='line_1_37' title="bbox 156 2287 2002 2336; baseline -0.002 -13"><span class='ocrx_word' id='word_1_412' title='bbox 156 2290 303 2336; x_wconf 76' lang='lat' dir='ltr'>partibus</span> <span class='ocrx_word' id='word_1_413' title='bbox 334 2292 414 2336; x_wconf 83' lang='lat' dir='ltr'>ipsis</span> <span class='ocrx_word' id='word_1_414' title='bbox 444 2288 655 2335; x_wconf 87' lang='lat' dir='ltr'>presentibus</span> <span class='ocrx_word' id='word_1_415' title='bbox 684 2287 978 2323; x_wconf 82' lang='lat' dir='ltr'>consencientibus</span> <span class='ocrx_word' id='word_1_416' title='bbox 1008 2293 1040 2322; x_wconf 92' lang='lat' dir='ltr'>et</span> <span class='ocrx_word' id='word_1_417' title='bbox 1068 2289 1256 2335; x_wconf 87' lang='lat' dir='ltr'>petentibus</span> <span class='ocrx_word' id='word_1_418' title='bbox 1285 2289 1324 2323; x_wconf 91' lang='lat' dir='ltr'>ad</span> <span class='ocrx_word' id='word_1_419' title='bbox 1352 2288 1636 2335; x_wconf 87' lang='lat' dir='ltr'>Respondendum</span> <span class='ocrx_word' id='word_1_420' title='bbox 1666 2287 1821 2321; x_wconf 88' lang='lat' dir='ltr'>hincinde</span> <span class='ocrx_word' id='word_1_421' title='bbox 1850 2289 2002 2333; x_wconf 87' lang='lat' dir='ltr'>posicio-</span> 
     </span>
     <span class='ocr_line' id='line_1_38' title="bbox 158 2348 2005 2397; baseline -0.002 -12"><span class='ocrx_word' id='word_1_422' title='bbox 158 2351 252 2385; x_wconf 88' lang='lat' dir='ltr'>nibus</span> <span class='ocrx_word' id='word_1_423' title='bbox 283 2351 479 2397; x_wconf 80' lang='lat' dir='ltr'>supradictis</span> <span class='ocrx_word' id='word_1_424' title='bbox 517 2361 590 2383; x_wconf 87' lang='lat' dir='ltr'>cum</span> <span class='ocrx_word' id='word_1_425' title='bbox 629 2353 709 2396; x_wconf 84' lang='lat' dir='ltr'>ipsis</span> <span class='ocrx_word' id='word_1_426' title='bbox 740 2349 950 2396; x_wconf 82' lang='lat' dir='ltr'>Responsum</span> <span class='ocrx_word' id='word_1_427' title='bbox 987 2360 1054 2383; x_wconf 90' lang='lat' dir='ltr'>non</span> <span class='ocrx_word' id='word_1_428' title='bbox 1083 2354 1174 2384; x_wconf 89' lang='lat' dir='ltr'>esset</span> <span class='ocrx_word' id='word_1_429' title='bbox 1202 2349 1243 2383; x_wconf 84' lang='lat' dir='ltr'>ad</span> <span class='ocrx_word' id='word_1_430' title='bbox 1272 2353 1399 2383; x_wconf 87' lang='lat' dir='ltr'>certam</span> <span class='ocrx_word' id='word_1_431' title='bbox 1428 2348 1513 2382; x_wconf 88' lang='lat' dir='ltr'>diem</span> <span class='ocrx_word' id='word_1_432' title='bbox 1543 2351 1716 2381; x_wconf 90' lang='lat' dir='ltr'>terminum</span> <span class='ocrx_word' id='word_1_433' title='bbox 1746 2350 2005 2394; x_wconf 85' lang='lat' dir='ltr'>peremptorium</span> 
     </span>
     <span class='ocr_line' id='line_1_39' title="bbox 157 2407 2008 2457; baseline -0.002 -12"><span class='ocrx_word' id='word_1_434' title='bbox 157 2415 342 2456; x_wconf 73' lang='lat' dir='ltr'>assignauit</span> <span class='ocrx_word' id='word_1_435' title='bbox 386 2411 626 2457; x_wconf 87' lang='lat' dir='ltr'>productisque</span> <span class='ocrx_word' id='word_1_436' title='bbox 658 2410 867 2456; x_wconf 88' lang='lat' dir='ltr'>postmodum</span> <span class='ocrx_word' id='word_1_437' title='bbox 905 2421 965 2456; x_wconf 89' lang='lat' dir='ltr'>pro</span> <span class='ocrx_word' id='word_1_438' title='bbox 1001 2414 1094 2456; x_wconf 88' lang='lat' dir='ltr'>parte</span> <span class='ocrx_word' id='word_1_439' title='bbox 1129 2410 1207 2444; x_wconf 88' lang='lat' dir='ltr'>dicti</span> <span class='ocrx_word' id='word_1_440' title='bbox 1235 2409 1398 2444; x_wconf 88' lang='lat' dir='ltr'>Johannis</span> <span class='ocrx_word' id='word_1_441' title='bbox 1425 2409 1617 2454; x_wconf 87' lang='lat' dir='ltr'>principalis</span> <span class='ocrx_word' id='word_1_442' title='bbox 1646 2408 1841 2454; x_wconf 86' lang='lat' dir='ltr'>quibusdam</span> <span class='ocrx_word' id='word_1_443' title='bbox 1869 2407 2008 2442; x_wconf 88' lang='lat' dir='ltr'>testibus</span> 
     </span>
     <span class='ocr_line' id='line_1_40' title="bbox 157 2469 2010 2518; baseline -0.002 -14"><span class='ocrx_word' id='word_1_444' title='bbox 157 2472 303 2506; x_wconf 77' lang='lat' dir='ltr'>affuturis</span> <span class='ocrx_word' id='word_1_445' title='bbox 333 2475 480 2518; x_wconf 81' lang='lat' dir='ltr'>ipsisque</span> <span class='ocrx_word' id='word_1_446' title='bbox 510 2474 654 2517; x_wconf 90' lang='lat' dir='ltr'>receptis</span> <span class='ocrx_word' id='word_1_447' title='bbox 692 2474 805 2504; x_wconf 87' lang='lat' dir='ltr'>iuratis</span> <span class='ocrx_word' id='word_1_448' title='bbox 845 2476 875 2504; x_wconf 84' lang='lat' dir='ltr'>et</span> <span class='ocrx_word' id='word_1_449' title='bbox 905 2471 1081 2515; x_wconf 80' lang='lat' dir='ltr'>diligenter</span> <span class='ocrx_word' id='word_1_450' title='bbox 1109 2473 1308 2505; x_wconf 79' lang='lat' dir='ltr'>examinatis</span> <span class='ocrx_word' id='word_1_451' title='bbox 1337 2473 1369 2503; x_wconf 93' lang='lat' dir='ltr'>in</span> <span class='ocrx_word' id='word_1_452' title='bbox 1399 2480 1499 2503; x_wconf 85' lang='lat' dir='ltr'>causa</span> <span class='ocrx_word' id='word_1_453' title='bbox 1529 2469 1713 2504; x_wconf 86' lang='lat' dir='ltr'>huiusmodi</span> <span class='ocrx_word' id='word_1_454' title='bbox 1744 2473 1777 2502; x_wconf 83' lang='lat' dir='ltr'>et</span> <span class='ocrx_word' id='word_1_455' title='bbox 1804 2471 1835 2502; x_wconf 89' lang='lat' dir='ltr'>in</span> <span class='ocrx_word' id='word_1_456' title='bbox 1867 2471 2010 2502; x_wconf 89' lang='lat' dir='ltr'>termino</span> 
     </span>
     <span class='ocr_line' id='line_1_41' title="bbox 161 2528 2011 2578; baseline -0.002 -13"><span class='ocrx_word' id='word_1_457' title='bbox 161 2533 199 2565; x_wconf 81' lang='lat' dir='ltr'>ad</span> <span class='ocrx_word' id='word_1_458' title='bbox 233 2532 517 2578; x_wconf 81' lang='lat' dir='ltr'>Respondendum</span> <span class='ocrx_word' id='word_1_459' title='bbox 548 2530 774 2577; x_wconf 85' lang='lat' dir='ltr'>posiciouibus</span> <span class='ocrx_word' id='word_1_460' title='bbox 804 2530 961 2577; x_wconf 85' lang='lat' dir='ltr'>predictis</span> <span class='ocrx_word' id='word_1_461' title='bbox 990 2542 1050 2576; x_wconf 92' lang='lat' dir='ltr'>per</span> <span class='ocrx_word' id='word_1_462' title='bbox 1078 2530 1201 2565; x_wconf 88' lang='lat' dir='ltr'>dictum</span> <span class='ocrx_word' id='word_1_463' title='bbox 1226 2530 1392 2565; x_wconf 88' lang='lat' dir='ltr'>dominum</span> <span class='ocrx_word' id='word_1_464' title='bbox 1414 2529 1618 2576; x_wconf 89' lang='lat' dir='ltr'>Stephanum</span> <span class='ocrx_word' id='word_1_465' title='bbox 1639 2528 1835 2563; x_wconf 78' lang='lat' dir='ltr'>Auditorem</span> <span class='ocrx_word' id='word_1_466' title='bbox 1856 2531 2011 2575; x_wconf 87' lang='lat' dir='ltr'>superius</span> 
     </span>
    </p>
   </div>
  </div>
 </body>
</html>
