2206 2735
1018 50 1092 83 215o

121 178 201 200 casu
237 165 295 199 smt
335 176 410 207 igne
447 168 676 208 consumptum
721 174 751 195 ιιι
790 162 991 209 nibiluunpic
1029 165 1212 197 redactum.
1251 163 1286 196 ΕΙ
1327 175 1402 208 quia
1440 163 1652 197 nihilounmis
1691 168 1754 196 tam
1794 174 1854 196 nos
1893 173 1989 208 quam

123 226 248 272 przet'ati
288 225 458 269 Principes
494 228 524 256 et
563 222 712 256 Rarones
745 224 813 266 jam
845 223 930 257 dicta
956 225 1032 267 jura
1063 235 1203 257 servare
1238 235 1303 257 nou
1335 226 1547 269 promisimus
1577 235 1640 257 nec
1671 223 1779 267 aliqua
1810 234 1911 269 super
1940 222 1989 256 his

122 290 330 333 praestitimus
371 286 560 328 juramenta
604 289 633 317 et
674 283 779 317 adhuc
822 287 852 317 ιιι
889 289 1006 318 nostro
1050 289 1080 318 et
1121 284 1309 330 Principum
1349 296 1387 318 ar.
1425 284 1589 318 Bai-onam
1626 284 1809 317 eorundem
1849 283 1989 329 pendeat

122 348 277 382 arbitrio.
312 349 340 379 si
365 347 441 389 jura
479 348 551 391 ipsa
583 345 860 391 promissiouilms
891 349 922 378 et
948 346 1078 389 juribus
1110 350 1139 379 ιιι
1171 345 1290 379 talibus
1319 348 1517 391 opportunis
1546 346 1767 380 contii-mare.
1804 344 1992 390 approbare

122 415 151 442 et
182 408 296 441 valare
328 407 501 441 vellemus.
532 407 618 451 quod
649 418 753 452 usque
783 406 882 441 hodie
911 417 977 440 non
1007 412 1057 440 est
1088 407 1209 440 facium
1248 419 1264 439 a
1296 406 1391 440 nobis
1421 407 1474 440 vel
1506 406 1713 452 Principibus
1743 418 1781 440 ac
1806 405 1992 439 Bai-onibus

123 468 316 503 antedictis.
361 467 513 513 dictaque
546 469 622 511 jura
659 478 677 500 a
708 471 858 513 tempore
892 479 956 513 quo
995 468 1046 501 illa
1077 467 1296 504 condidinms,
1342 479 1448 514 usque
1477 467 1575 501 modo
1605 479 1780 513 numquam
1812 467 1990 512 publicata.

122 533 267 563 intimata
298 541 358 563 seu
389 532 546 562 nunciata
577 529 720 563 suerunt.
751 540 813 562 uec
845 531 984 562 internis
1006 528 1204 562 Civitatibus
1236 539 1295 562 seu
1326 528 1408 561 l'oris
1439 527 1570 574 publice
1597 528 1814 573 proclamata,
1847 528 1992 573 ldeoque

123 592 334 624 decernimus
370 602 408 623 ac
439 593 636 623 auctoritate
676 592 768 627 regia
808 601 849 622 ex
888 594 980 623 certa
1011 592 1152 623 scientia
1183 589 1409 626 declaramus.
1446 601 1508 622 nos
1538 593 1571 622 et
1599 600 1716 622 omnes
1747 589 1920 634 Principes
1952 599 1990 621 ac

126 652 277 685 Raroncs
318 655 451 684 nostros
489 655 518 683 et
557 650 665 694 Regni
700 650 846 684 Boemia·
883 662 920 683 ac
957 650 1098 683 Coronzr
1136 649 1322 684 antedictos
1363 654 1565 694 nostrosque
1601 653 1736 694 insuper
1774 654 1806 682 et
1844 652 1990 694 ipsorum

123 712 264 746 heredes
299 716 330 745 et
360 723 582 746 successures
618 716 779 757 perpetuo
815 711 855 744 ad
896 711 1058 745 dictorum
1089 713 1212 755 jurium
1249 710 1500 745 observantiam
1538 721 1602 743 non
1641 721 1720 744 esse
1755 711 1874 753 ligatos
1903 721 1991 755 quo-

125 773 303 806 modolibet
342 773 394 805 vel
425 776 580 806 astrictos
618 772 677 806 sed
708 775 817 818 potius
846 773 972 806 solutos
1007 783 1084 806 esse
1120 784 1159 805 ac
1190 771 1312 805 liberos
1343 771 1382 805 ab
1413 771 1538 805 eisdem
1577 782 1640 805 nec
1670 782 1734 804 non
1770 770 1810 803 ab
1840 770 1992 804 omnibus

125 837 312 876 sententiis,
351 836 480 879 punctis
518 837 548 866 et
583 833 751 867 articulis.
788 844 860 879 quar
898 837 928 866 et
967 835 1019 878 qui
1058 835 1088 866 ιιι
1128 833 1224 866 dietis
1262 838 1357 867 erant
1382 832 1512 876 juribus
1542 832 1794 877 comprehensi,
1831 831 1993 876 Quodque

125 899 190 928 tam
227 905 288 928 nos
326 905 422 939 quam
462 897 553 940 ipsos
588 905 647 927 seu
678 899 811 928 nostros
848 898 878 927 et
909 897 1054 940 ipsorum
1086 893 1230 928 heredes
1267 899 1298 927 et
1334 905 1557 928 successores
1597 897 1682 927 sicut
1720 895 1926 939 praemittitur
1962 895 1992 925 in

126 956 252 988 honore
281 959 366 988 statu
398 958 552 999 personis
590 955 644 988 vet
675 954 770 988 bonis
799 965 1006 999 quacunque
1045 965 1132 1000 pene
1168 957 1198 988 ιιι
1237 958 1317 1000 ipsis
1350 954 1480 998 juribus
1509 966 1569 988 seu
1599 955 1687 987 dicto
1716 954 1887 987 volumine
1917 953 1993 986 olim

127 1020 156 1049 ut
189 1018 393 1061 przrmittitur
429 1015 640 1060 promulgare
677 1018 876 1060 contingere
905 1016 960 1049 vel
990 1020 1108 1048 notare
1139 1026 1203 1049 non
1235 1018 1364 1061 possint
1394 1020 1449 1049 aut
1470 1015 1614 1050 debeant
1644 1015 1708 1048 ullo
1730 1025 1871 1060 unquam
1903 1018 1994 1047 tem-

127 1088 206 1121 pore
242 1075 463 1121 quovismodo
501 1076 647 1109 ullumve
685 1076 780 1110 nobis
816 1077 870 1110 vel
906 1080 985 1122 ipsis
1021 1078 1212 1120 nostrisque
1250 1081 1281 1109 et
1320 1088 1434 1110 eorum
1466 1076 1644 1110 heredibus
1675 1080 1706 1109 et
1737 1074 1995 1109 successoribus

127 1148 157 1170 ιιι
188 1136 314 1169 honoro
343 1140 428 1170 statu
460 1140 612 1182 personis
644 1142 697 1170 aut
728 1136 824 1170 bonis
846 1138 1075 1183 praejudicium
1102 1148 1270 1181 generare
1299 1137 1546 1183 quomodolibet
1577 1138 1630 1171 vel
1661 1137 1774 1170 alfere.
1806 1136 1876 1170 Nos
1906 1139 1994 1169 enim

130 1196 336 1242 Principibus
371 1201 402 1230 et
433 1196 618 1230 Ilaronibus
654 1197 837 1243 sepedictis
877 1203 909 1231 et
944 1209 1058 1231 eorum
1099 1197 1278 1232 heredibus
1313 1203 1343 1231 et
1383 1198 1638 1232 suecessoribus
1676 1201 1896 1244 promittimus
1936 1207 1995 1241 pro

127 1257 241 1291 nobis.
280 1257 458 1292 heredibus
496 1263 528 1291 et
565 1258 820 1293 suecessoribus
856 1262 980 1293 nostris
1017 1258 1167 1303 Regibus
1207 1259 1353 1292 Boemiae
1383 1259 1467 1292 bona
1507 1259 1570 1292 lide
1607 1263 1638 1292 et
1668 1261 1867 1292 auctoritate
1897 1260 1993 1302 regia

127 1321 300 1352 statuimus
340 1322 371 1352 ιιι
409 1318 471 1352 hac
507 1322 664 1364 praesenti
701 1323 940 1353 constitutione
982 1324 1145 1365 perpetuo
1183 1319 1339 1353 duratura
1380 1323 1566 1353 sancimus.
1607 1324 1636 1353 ut
1676 1331 1738 1353 nos
1777 1324 1808 1352 et
1844 1318 1991 1364 przedicti

129 1379 298 1424 Principes
335 1391 372 1413 ac
406 1379 554 1413 Baroncs
595 1384 697 1413 nostri
737 1385 768 1414 et
800 1380 908 1425 Regni
950 1385 980 1414 et
1011 1380 1151 1414 Ceron-<1¹
1191 1381 1335 1414 Boemiae
1373 1379 1492 1414 subditi
1531 1385 1563 1414 et
1601 1380 1716 1414 lideles
1753 1382 1924 1425 nostrique
1964 1383 1997 1411 et

129 1444 273 1486 ipsorum
311 1440 454 1474 heredes
493 1445 524 1474 et
563 1452 783 1475 successores
821 1446 984 1487 perpetuo
1021 1445 1163 1488 antiquis
1201 1447 1230 1475 et
1265 1444 1437 1475 consuetis
1470 1441 1600 1485 juribus
1637 1444 1725 1475 omni
1761 1440 1997 1486 impedimento

131 1506 286 1534 cessante
316 1502 379 1535 frui
409 1502 547 1547 pacifice
577 1506 608 1535 et
639 1505 811 1548 perpetuis
840 1503 990 1546 gaudere
1019 1502 1222 1548 temporibus
1252 1503 1446 1536 debeamus.
1487 1504 1627 1547 Signum
1659 1504 1866 1536 serenissimi
1897 1501 1997 1534 l'rin—

130 1564 213 1607 cipis
249 1566 280 1595 ct
312 1561 441 1596 Domini
473 1562 604 1596 Domini
634 1562 748 1596 Karoli
779 1562 893 1604 Quarti
931 1563 1159 1597 Romanorum
1197 1566 1406 1597 invictissimi
1442 1562 1657 1609 Imperatoris
1695 1567 1727 1596 et
1761 1563 1998 1607 gloriosissimi

132 1621 276 1656 Boemite
317 1622 435 1668 Regis.
493 1623 614 1657 Testes
654 1623 750 1668 hujus
791 1627 836 1657 rei
880 1629 972 1658 sunt:
1016 1623 1158 1658 lllustris
1193 1624 1389 1670 Rudolphus
1423 1627 1538 1658 senior
1579 1624 1738 1657 Saxonia}
1789 1623 1864 1657 Dux
1908 1625 1996 1656 sacri

132 1682 263 1728 Imperii
294 1683 664 1722 Archimareschalcus,
696 1684 909 1718 Venerabilis
941 1684 1118 1719 Preczlaus
1148 1685 1446 1719 Wratislaviensis
1480 1686 1563 1719 auhe
1598 1689 1720 1719 nostrie
1752 1684 1996 1723 Cancellarius,

130 1743 303 1777 johannes
327 1745 602 1789 Argentinensis.
633 1744 841 1779 'sheodricns
864 1745 1062 1788 mindensis,
1095 1746 1285 1780 Fridericus
1306 1745 1578 1788 Ratis-bonensis,
1609 1750 1641 1779 et
1660 1745 1825 1779 Henricus
1852 1744 1999 1778 Lucem-

134 1804 313 1849 burgensis
342 1816 380 1838 ae
409 1805 586 1851 Episcopi,
627 1806 758 1840 illustris
789 1806 983 1853 Rudolphns
1015 1809 1128 1850 junior
1158 1807 1315 1841 Saxoniae
1346 1806 1422 1840 Dux
1457 1811 1487 1839 et
1522 1805 1723 1852 spectabiles
1759 1805 1926 1839 Heni-icus
1957 1805 1999 1838 de

133 1865 359 1910 Swarzbur‘g.
396 1866 544 1901 Joannes
582 1867 905 1912 Magdehurgensis.
952 1867 1083 1902 Ulricus
1122 1868 1162 1901 de
1205 1867 1401 1901 Ilelfelstein
1441 1868 1495 1913 [2²]
1532 1872 1563 1900 et
1600 1866 1760 1901 Albertus
1798 1867 1838 1900 de
1876 1866 1999 1900 Anhalt

133 1926 278 1959 Comites
308 1931 338 1959 et
369 1927 421 1960 alii
451 1938 547 1971 quam
578 1927 701 1973 plures.
734 1927 949 1961 Praesenuum
987 1927 1047 1962 sub
1085 1934 1208 1962 nostra*
1245 1929 1425 1975 imperialis
1463 1928 1649 1972 Majestatis
1676 1929 1785 1972 sigillo
1808 1930 1999 1961 testimonio

133 1987 313 2020 literarum.
372 1986 490 2020 Datum
529 1987 644 2032 Pragae
682 1988 782 2021 Anno
813 1988 944 2022 Domini
974 1988 1150 2023 Millesimo
1180 1989 1434 2023 Trecentesimo
1464 1991 1742 2034 quinquagesimo
1772 1991 1902 2034 quinto.
1939 1987 2000 2021 ln-

135 2046 278 2081 dictione
298 2052 419 2082 octava
441 2049 590 2082 secundo
607 2048 720 2083 Nonas
742 2048 900 2083 Octobris
923 2049 1116 2094 Regnorum
1139 2055 1327 2085 nostrorum
1350 2051 1451 2084 Anno
1471 2050 1602 2084 decimo
1623 2049 1754 2096 Imperii
1776 2060 1859 2083 vero
1880 2051 1998 2094 primo,

447 2135 523 2174 (Ans
550 2136 685 2170 thileg.
712 2137 783 2170 Reg.
810 2137 881 2165 Boh.
908 2137 1042 2165 Manusk.
1068 2139 1095 2164 ιιι
1124 2139 1339 2165 [ιτιιιάι-ςειτοιιιν
1366 2139 1404 2166 Μ.
1430 2139 1488 2164 vn.
1515 2140 1553 2163 25
1580 2147 1607 2172 p,
1634 2137 1681 2163 65³.
1705 2152 1747 2156 —
1772 2138 1833 2163 Das
1859 2137 1937 2171 (hig.
1961 2137 1996 2162 im

549 2188 575 2214 k.
602 2189 629 2216 k.
654 2189 719 2222 geli.
749 2189 783 2217 Η,
811 2190 845 2216 Η.
873 2190 929 2215 und
956 2190 1202 2228 §mamm-chive.)
