2206 2735
1024 34 1096 66 ⁴21⁴.)

137 152 301 185 mandauit
338 156 368 182 et
409 152 485 181 tecit
525 148 563 180 ad
602 151 726 180 certam
767 146 852 179 diem
893 146 927 180 ln
965 158 1027 192 qna
1067 158 1125 191 per
1154 146 1272 179 dictum
1304 146 1497 190 Magistrum
1528 146 1707 180 llenricnm
1738 152 1988 192 procuratorem

134 212 293 259 producto
321 209 526 243 Jiidicialitei·
555 218 668 241 eoram
698 206 815 240 eodem
846 207 978 240 donnino
999 205 1172 252 Stephano
1194 207 1358 241 Auditore
1379 206 1466 241 dicto
1487 208 1726 253 appellacionis
1752 207 1986 242 Instrumento.

137 274 273 307 Demmn
304 274 376 317 post
405 269 580 303 nonnullas
610 269 854 302 altercaciones
885 270 916 301 in
947 266 1132 301 huiusmodi
1161 278 1264 301 causa
1294 271 1324 300 ct
1354 270 1439 301 inter
1469 272 1580 313 partes
1609 268 1776 314 predictas
1805 279 1917 303 coram
1946 280 1988 303 eo

136 334 262 368 habitas
292 331 462 378 productis
491 341 550 376 pro
580 333 674 375 parte
704 328 781 361 dicti
811 327 975 362 johannis
1005 328 1196 374 principalis
1226 331 1257 361 in
1287 327 1371 361 dicta
1408 338 1510 361 causa
1549 328 1717 363 nonnullis
1747 328 1818 372 aliis
1848 329 1988 364 testibus

135 395 280 428 ati'utnris
311 404 348 425 ac
378 394 457 437 ipsis
486 393 631 436 receptis
660 389 784 422 Juratis
813 393 843 422 et
874 388 1050 432 diligenter
1079 391 1281 422 examinatis
1319 388 1409 422 ldem
1439 387 1592 423 dominus
1622 389 1812 435 Stephanus
1843 390 1988 424 Auditor

134 456 173 488 ad
203 456 397 488 instanciam
428 451 546 498 prelati
582 450 743 483 Johannis
780 449 971 495 principalis
1008 452 1090 482 citra
1128 454 1379 494 procuratorum
1419 460 1553 483 suorum
1584 453 1841 484 reuocacionem
1871 461 1985 485 coram

134 528 174 548 eo
196 519 226 548 in
246 514 376 547 Jndicio
396 514 618 558 comparentis
634 510 841 556 sepedictum
858 509 1055 554 Magistrum
1072 508 1245 543 henricum
1260 506 1511 555 procuratorem
1529 509 1568 543 ad
1585 509 1762 544 videndum
1779 511 1903 544 admitti
1919 522 1988 557 po-

134 580 278 611 siciones
299 579 330 607 et
350 573 519 608 Articulos
543 583 622 606 suos
644 583 702 617 per
722 575 848 605 certum
865 570 985 604 domini
1002 582 1087 616 pape
1117 569 1296 604 Cursorem
1325 573 1418 604 citari
1447 569 1614 604 mandauit
1633 574 1665 603 et
1684 570 1765 604 feeit
1791 571 1832 605 ad
1860 576 1987 605 certum

135 639 391 683 peremptorium
409 637 582 667 terminum
599 636 843 677 competentem
871 631 907 665 ln
931 642 994 677 qno
1020 630 1298 676 Comparentibus
1322 634 1354 664 in
1373 630 1505 665 Jadicio
1525 642 1637 664 coram
1667 630 1826 676 prelibato
1854 632 1988 666 domino

135 698 305 743 Stephano
326 696 488 730 Auditore
504 693 658 728 ,Iohanne
676 692 849 738 principali
869 695 949 726 eitra
968 696 1220 738 procuratorum
1243 703 1377 726 suorum
1397 694 1654 726 reuocacionem
1684 702 1728 725 ex
1757 696 1849 737 parte
1870 703 1935 726 vna
1956 697 1989 726 et

134 759 297 803 Magistro
336 756 508 790 llerbordo
544 754 585 788 de
615 752 860 799 spangenberg
895 757 1114 798 procuratore
1147 754 1252 786 eciam
1288 751 1472 786 Substituto
1511 763 1529 785 a
1557 751 1707 797 predicto
1736 751 1837 785 fratre
1865 752 1988 787 Mathia

135 823 349 866 procuratore
379 821 473 863 prout
503 815 543 849 ad
564 815 626 848 hoc
656 826 674 848 a
694 813 851 860 predictis
872 812 1005 847 Abbate
1025 817 1058 846 et
1078 812 1251 847 Gonuentu
1272 813 1421 859 speciale
1442 812 1630 846 mandatum
1660 811 1805 846 habebat
1832 817 1864 846 et
1892 818 1989 858 prout

135 884 239 914 eciam
270 880 310 912 de
339 878 580 912 substitucione
610 874 792 908 huiusmodi
824 878 855 908 in
886 874 972 907 dicte
1000 884 1102 907 cause
1132 876 1214 907 actis
1243 873 1342 919 plene
1370 878 1501 907 constat
1528 885 1572 907 ex
1601 874 1705 907 altera
1725 873 1871 919 quolibet
1891 876 1987 919 ipso—

134 952 206 975 rum
236 944 394 974 instanter
423 942 558 984 petente
587 935 757 970 Articulos
787 946 866 969 snos
895 939 927 968 et
956 946 993 968 se
1023 934 1063 968 ad
1091 933 1297 980 probandum
1326 934 1460 968 eosdem
1490 937 1522 968 in
1552 934 1649 968 Curia
1679 939 1712 968 et
1740 938 1835 968 extra
1864 934 1989 968 admitti

135 1007 167 1035 et
197 1001 354 1035 articulos
384 1002 486 1045 partis
515 998 650 1031 alterius
680 1008 740 1043 per
768 1000 875 1042 ipsum
907 995 1074 1029 dominum
1105 994 1310 1040 Stephanum
1339 995 1537 1029 Auditorem
1567 997 1647 1028 reici
1677 999 1709 1028 et
1738 995 1864 1040 repelli.
1895 993 1985 1029 ldem

135 1063 286 1096 dominus
325 1061 516 1107 Stephanus
554 1059 695 1092 Auditor
728 1057 898 1092 Articnlos
936 1060 1108 1102 vti-iusque
1137 1059 1238 1102 partis
1267 1055 1363 1090 datos
1393 1060 1502 1090 tamen
1531 1058 1562 1089 in
1593 1058 1732 1089 termino
1761 1058 1987 1103 peremptorio

136 1124 175 1156 ad
205 1122 393 1168 ponendum
429 1125 459 1154 et
497 1119 736 1153 articulandum
774 1117 902 1164 prelixo
939 1117 1071 1151 admisit
1098 1121 1131 1150 et
1158 1121 1270 1162 partes
1299 1119 1389 1162 ipsas
1417 1117 1458 1150 ad
1486 1116 1691 1162 probandum
1720 1116 1859 1151 eosdem
1888 1117 1988 1151 Arti-

136 1185 228 1217 cnlos
258 1186 288 1216 in
319 1183 416 1215 Curia
446 1185 479 1214 et
508 1185 604 1214 extra
634 1184 666 1214 et
694 1190 795 1225 super
824 1179 1028 1212 admissione
1058 1178 1108 1211 uel
1138 1178 1330 1223 repulsione
1358 1177 1583 1211 Articulorum
1612 1189 1672 1223 pro
1701 1182 1794 1223 parte
1823 1176 1989 1212 llerhordi

136 1246 285 1278 datorum
316 1247 387 1288 post
416 1245 590 1275 terminum
630 1243 891 1286 peremptorium
927 1239 967 1272 ad
1005 1238 1193 1284 ponendum
1229 1242 1261 1272 et
1297 1237 1538 1272 articulandum
1579 1240 1787 1283 assignatum
1830 1238 1912 1271 dixit
1949 1248 1988 1271 se

137 1305 223 1338 velle
253 1303 439 1337 deliberare
469 1305 604 1348 propter
632 1300 717 1346 quod
747 1300 896 1345 prefatus
927 1299 1118 1332 llerbordus
1147 1302 1344 1344 procurator
1372 1298 1412 1332 ad
1432 1298 1546 1333 sedem
1567 1298 1782 1344 apostolicam
1809 1298 1989 1344 appellauit

137 1371 168 1399 et
197 1365 365 1411 apostolos
394 1367 555 1397 instanter
584 1361 644 1395 sila
681 1361 751 1394 dari
788 1363 886 1406 peciit
916 1359 956 1393 Et
984 1359 1231 1405 subsequenter
1259 1362 1290 1393 in
1321 1362 1461 1393 termino
1490 1359 1529 1393 ad
1559 1359 1785 1404 recipiendum
1814 1358 1985 1405 apostolos

140 1427 246 1460 eidem
277 1424 440 1469 Magistro
468 1422 644 1456 Herhordo
672 1424 881 1467 procuratori
911 1423 1082 1465 assignato
1110 1420 1202 1454 ldem
1222 1420 1373 1454 dominus
1394 1420 1585 1466 Stephanus
1610 1419 1752 1454 Auditor
1782 1420 1846 1454 iam
1866 1419 1989 1453 dictum

139 1487 333 1531 Magistrum
364 1484 571 1518 llerhordnm
601 1487 851 1528 procuratorem
881 1485 912 1515 in
941 1484 1114 1527 pristinum
1143 1485 1262 1516 statum
1293 1480 1448 1515 videlieet
1477 1483 1508 1515 in
1530 1485 1649 1515 statum
1680 1484 1710 1515 in
1737 1491 1800 1527 quo
1821 1485 1894 1514 erat
1914 1484 1990 1513 ante

140 1547 401 1593 appellacionem
431 1556 525 1578 snam
556 1543 737 1589 predictam
768 1546 916 1588 reposuit
955 1547 986 1575 et
1021 1545 1148 1576 remisit
1177 1546 1209 1575 et
1236 1543 1408 1576 Articulos
1439 1553 1498 1588 pro
1528 1546 1621 1588 parte
1651 1553 1711 1576 sua
1740 1544 1772 1575 in
1801 1540 1991 1575 huiusmodi

140 1620 242 1642 eausa
273 1607 363 1640 datos
393 1617 493 1651 super
526 1605 754 1648 Regularitate
792 1604 936 1637 ecclesie
972 1606 1003 1636 in
1033 1602 1256 1637 'l‘hossawicz
1298 1603 1447 1649 predicte
1489 1614 1554 1637 vna
1597 1613 1670 1636 cnm
1713 1603 1785 1636 aliis
1823 1601 1987 1635 Articulis

140 1668 297 1714 predictis
328 1667 455 1700 admisit
484 1670 515 1699 et
544 1670 671 1711 partem
701 1676 792 1698 suam
823 1664 862 1697 ad
893 1663 1099 1709 probandum
1137 1675 1254 1698 omnes
1282 1664 1452 1697 Articulos
1482 1675 1562 1697 suos
1591 1663 1799 1709 supradictos
1829 1665 1861 1695 in
1891 1662 1990 1695 Curia

140 1735 169 1763 et
200 1733 295 1762 extra
324 1733 354 1761 et
386 1733 448 1761 tam
480 1738 580 1772 super
608 1726 768 1760 Articulis
808 1725 971 1759 johannis
1006 1724 1135 1759 Alberti
1174 1725 1364 1771 principalis
1401 1736 1497 1770 quam
1534 1724 1685 1769 Magistri
1714 1722 1877 1757 Herhordi
1906 1732 1990 1767 pre-

141 1791 300 1823 dictorum
332 1789 575 1822 Remissionem
611 1786 652 1820 ad
690 1791 802 1832 partes
841 1786 989 1819 decreuit
1026 1788 1059 1819 et>
1087 1785 1127 1819 ad
1156 1785 1422 1819 conueniendum
1451 1785 1491 1818 de
1520 1786 1594 1819 loco
1624 1789 1655 1818 et
1683 1783 1855 1818 Judicibus
1884 1793 1987 1828 super

142 1851 350 1884 Remis-sione
379 1848 564 1882 huiusmodi
594 1858 725 1881 necnon
755 1847 794 1880 de
824 1849 982 1892 portitore
1012 1846 1161 1880 eiusdem
1190 1846 1413 1880 Remissionis
1443 1845 1567 1879 eisdem
1598 1845 1769 1891 principali
1799 1848 1832 1878 et
1860 1854 1989 1889 procu-

142 1914 243 1945 ratori
273 1909 482 1957 presentibus
512 1914 542 1942 et
572 1907 868 1942 consencientilms
897 1910 1080 1952 assignauit
1111 1911 1236 1941 certam
1264 1906 1521 1952 peremptoriam
1550 1907 1635 1940 diem
1656 1906 1691 1940 ln
1712 1917 1774 1951 qua
1796 1904 1990 1938 Constitutis

142 1975 311 2006 Aninione
339 1982 452 2005 coram
481 1970 598 2004 eodem
628 1970 760 2003 domino
777 1968 948 2014 Stephano
964 1968 1128 2002 Auditore
1147 1967 1302 2002 Johanne
1321 1968 1495 2013 principali
1524 1971 1556 2000 et
1585 1965 1750 2000 herbordo
1771 1969 1990 2011 procuratore

143 2033 301 2079 predictis
330 2037 364 2066 et
392 2034 576 2065 comuniter
605 2028 883 2064 concordantibus
914 2032 945 2062 in
974 2029 1110 2062 «ludices
1139 2029 1361 2063 Remissionis
1391 2028 1538 2074 predicte
1567 2030 1628 2073 ipsi
1658 2031 1689 2060 et
1717 2036 1830 2060 eorum
1853 2024 1991 2070 quilibet

142 2095 317 2138 elegerunt
345 2097 377 2127 et
404 2095 605 2137 receperunt
633 2094 665 2124 in
693 2090 830 2125 Judiees
860 2090 1019 2135 quosdam
1050 2089 1237 2124 Canonicos
1267 2089 1413 2123 ecclesie
1443 2087 1676 2122 Olomucensis
1704 2091 1736 2119 et
1764 2088 1870 2119 eciam
1900 2096 1990 2119 con-

147 2155 293 2188 corditer
321 2155 495 2198 elegerunt
531 2155 563 2185 in
600 2154 794 2198 portitorem
832 2151 919 2184 dicte
947 2150 1172 2185 Remissionis
1207 2153 1238 2183 in
1269 2148 1489 2195 denkonem
1517 2147 1557 2181 de
1586 2147 1804 2181 Thassawicz
1832 2146 1992 2180 clericum

144 2216 378 2249 Olonincensis
407 2214 551 2247 diocesis
579 2217 613 2246 et
641 2217 778 2258 recepto
808 2223 867 2257 per
895 2212 1017 2244 dictum
1048 2211 1213 2244 dominum
1231 2209 1434 2255 Stephanum
1456 2208 1651 2242 Auditorem
1671 2205 1711 2240 ab
1732 2209 1806 2252 ipso
1827 2209 1991 2251 portitore

143 2276 307 2322 corporali
336 2275 530 2308 Juramento
567 2272 607 2306 de
636 2272 775 2306 fideliter
804 2277 835 2306 et
869 2272 1025 2316 legaliter
1053 2271 1215 2317 portando
1244 2270 1362 2304 dietam
1391 2270 1637 2303 Remissiouem
1667 2272 1698 2300 et
1728 2266 1928 2313 publicando
1956 2269 1990 2300 in

143 2336 287 2382 partibus
314 2334 486 2369 Judicibus
515 2334 672 2380 predictis
702 2333 892 2380 sepedictus
921 2333 1074 2367 dominus
1103 2331 1295 2378 Stephanus
1322 2330 1465 2364 Auditor
1493 2328 1617 2362 eisdem
1646 2327 1820 2374 principali
1848 2331 1880 2360 et
1907 2337 1992 2372 pro-

143 2401 287 2431 curatori
317 2395 528 2443 presentibus
558 2400 591 2429 et
619 2394 914 2428 consencientibus
943 2393 984 2428 ad
1013 2392 1193 2427 videndum
1221 2391 1343 2426 includi
1372 2393 1563 2437 posiciones
1592 2393 1624 2422 et
1652 2388 1808 2422 articulos
1841 2389 1992 2433 parcium

143 2457 367 2503 predictarum
403 2455 559 2490 hincinde
597 2466 729 2489 necnon
768 2454 807 2488 ad
850 2455 991 2488 dandum
1027 2453 1291 2497 Interrogatoria
1333 2454 1361 2486 si
1389 2462 1451 2495 qua
1481 2449 1561 2483 dare
1602 2449 1769 2483 voluerint
1808 2447 1992 2482 seeundum

145 2518 230 2562 qnod
262 2522 368 2551 testes
398 2515 633 2563 producendos
664 2518 695 2548 in
726 2514 876 2560 partibus
905 2526 1006 2561 super
1034 2514 1248 2548 Remissione
1285 2511 1433 2558 predicta
1462 2511 1628 2545 voluerint
1657 2512 1841 2543 examinari
1869 2512 2000 2543 eertum
