2206 2735
1111 67 1181 101 261
1217 120 1225 121 ἶ

1098 210 1206 245 320.

214 301 351 334 Jnlemm
372 300 562 343 illarlffflwtf
585 311 646 332 ron
668 299 815 333 Mithrem
846 299 1050 343 cerspriclet.
1081 300 1161 331 (lass
1190 310 1229 331 er
1257 299 1311 331 (lie
1341 303 1440 332 meter
1469 299 1541 332 dem
1562 300 1693 334 Numen
1716 301 1889 345 illcljeslas
1912 303 2081 337 Carolina

316 361 509 395 belianntcn
541 360 687 393 Gesetse
713 361 771 404 sm·
798 360 869 392 mall
896 360 963 392 und
990 359 1121 403 ne'cltte'q
1150 359 1268 392 ltalteu
1298 360 1407 393 molle.
1439 360 1499 393 Dc.
1531 360 1625 403 Pras]
1655 361 1689 394 li.
1723 361 1840 395 ΟΙεΙΙιι·ι
1874 363 1985 397 1355.

372 437 458 489 Ros
478 455 651 489 Johannes
673 455 734 488 Dei
755 457 869 497 gracia
887 453 1036 488 Mai-chio
1057 453 1207 488 Mox-anie
1223 454 1344 488 Notum
1365 455 1509 490 facimus
1531 461 1647 490 teuorc
1665 461 1876 502 presencium
1898 462 2080 494 vniuersis.

215 516 310 558 Quod
338 517 413 550 licet
443 519 506 549 iam
537 517 656 550 dudum
686 516 928 549 Serenissimus
967 526 1006 548 ac
1036 517 1272 549 inuictissimus
1304 516 1464 563 Princeps
1494 522 1526 551 et
1556 518 1719 560 dominus.
1755 518 1906 554 dominus
1936 519 2080 554 Ix'arolus

216 578 438 611 Romanorum
491 577 676 623 Imperator
718 588 851 622 semper
897 576 1090 620 Augustus.
1139 581 1170 609 et
1217 576 1355 611 Boemie
1397 578 1493 612 Rex.
1538 579 1689 612 dominus
1731 584 1845 613 noster
1887 583 2078 625 graciosus,

216 638 255 671 de
285 638 446 671 consilio.
487 638 659 671 voluntate
690 640 835 670 sciencia
874 641 904 670 et
935 647 1101 670 consensu
1140 648 1288 678 suorum„
1323 642 1439 672 nostro
1474 643 1507 672 et
1536 639 1674 673 aliorum
1713 639 1823 685 Regni
1858 644 1907 674 sui
1943 641 2080 675 Boemie

217 699 406 744 Principum
438 703 468 731 et
499 698 666 732 Baronum
695 697 774 731 Jura
813 697 953 743 quedam
993 698 1032 731 ad
1068 698 1268 732 inuenienda
1306 698 1437 732 duxerit
1467 703 1497 732 et
1528 702 1633 733 eciam
1665 701 1851 736 statuenda.
1895 701 2080 748 eademque

215 759 420 804 ‹proi-undam
451 762 634 805 principum
664 762 696 791 et
726 758 891 792 Baronum
922 757 1148 804 predictorum
1178 758 1362 793 accedente
1391 761 1542 801 consilio.
1573 772 1613 794 ac
1643 772 1809 807 expresso
1838 773 2020 806 consensu,
2047 765 2079 796 in

215 823 349 866 scriptis
380 820 528 854 redacta.
559 823 591 852 et
621 822 651 852 in
682 830 748 852 vno
778 819 947 852 volumine
976 818 1099 853 fuerint
1129 820 1287 864 sigillata.
1331 825 1424 865 prout
1461 820 1524 854 hoc
1555 824 1585 855 in
1617 824 1779 856 notoriam
1810 823 1929 868 prodijt
1958 826 2081 857 nocio-

218 892 306 914 nem.
351 883 425 926 quia
460 885 569 914 tamen
609 880 770 926 prelatum
806 880 973 914 volumen.
1019 881 1103 926 quod
1134 881 1292 914 videlicet
1323 884 1407 915 sicut
1436 881 1605 927 prefertur
1636 882 1743 916 suerat
1771 883 1847 917 inde
1877 884 2080 926 confectum,

219 954 282 975 vna
315 953 389 975 cum
419 941 536 985 sigillis
566 940 672 974 eidem
704 944 861 986 appensis
892 940 1028 974 fortuito
1060 952 1140 975 casu
1171 939 1229 976 fuit
1260 944 1336 986 igne
1368 947 1611 987 consumptum.
1642 947 1672 977 in
1702 943 1927 990 nichilumque
1956 944 2080 978 redac-

219 1007 297 1035 tum.
337 1001 377 1035 Et
407 1005 482 1047 quia
519 1001 750 1035 nichilominus
791 1006 854 1034 tam
892 1000 1038 1047 prefatus
1070 1002 1222 1036 dominus
1252 1007 1370 1036 noster
1398 1002 1584 1049 Imperator
1613 1008 1645 1037 et
1675 1004 1811 1038 Boemie
1848 1004 1939 1040 Rex.
1984 1016 2078 1050 quam

217 1075 278 1097 uos
309 1067 339 1096 et
369 1063 421 1106 ulij
453 1062 626 1108 Principes
656 1073 695 1095 ac
725 1060 890 1096 Barones.
928 1062 1076 1108 predicta
1108 1066 1177 1096 iura
1208 1074 1347 1096 seruare
1383 1075 1449 1097 non
1486 1066 1709 1110 promisimus.
1750 1076 1812 1099 nec
1842 1066 1948 1111 aitqua
1979 1078 2081 1112 super

218 1125 280 1168 hiJ's
312 1127 516 1169 prestitimus
544 1126 728 1156 iuramenta
758 1127 789 1155 et
819 1123 926 1156 adhuc
956 1127 986 1157 in
1017 1124 1135 1169 prefati
1179 1123 1303 1158 domini
1346 1127 1450 1158 nostri
1489 1123 1703 1170 Imperatoris
1741 1130 1772 1159 et
1809 1126 1914 1171 Regis
1945 1127 2081 1161 Boemie

219 1189 334 1218 nostro
365 1196 403 1217 ac
433 1185 572 1217 aliorum
603 1184 792 1230 Principum
823 1188 854 1217 et
885 1183 1063 1218 Baronum.
1108 1184 1213 1219 libero
1252 1185 1418 1230 pendebat
1456 1185 1590 1219 arbitrio
1619 1190 1645 1220 si
1676 1190 1745 1220 iura
1777 1190 1848 1233 ipsa
1878 1191 2082 1233 promissio—

219 1245 315 1279 nibus
357 1249 388 1278 et
417 1244 623 1278 Juramentis
660 1246 689 1277 in
729 1243 849 1278 talibus
879 1247 1053 1290 oportunis
1084 1245 1296 1289 confirmare.
1341 1246 1530 1292 approbare
1559 1252 1590 1280 et
1621 1248 1749 1281 vallare
1778 1249 1951 1292 vellemus.
1996 1249 2081 1295 quod

220 1317 324 1351 usque
354 1305 451 1338 hodie
481 1316 546 1338 non
577 1310 626 1338 est
657 1305 779 1338 factum
811 1318 826 1337 a
859 1304 986 1350 prefato
1017 1305 1150 1339 domino
1181 1306 1385 1352 Imperatore
1416 1313 1446 1340 et
1484 1307 1581 1352 Rege
1619 1308 1753 1342 Boemie
1791 1309 1923 1343 domino
1954 1315 2080 1353 nostro,

221 1366 315 1400 nohis
346 1367 396 1399 uel
428 1366 499 1410 alijs
530 1365 735 1411 Principibus
767 1377 804 1398 ac
835 1365 1021 1399 Baronibus
1052 1368 1240 1409 antedictis.
1273 1367 1358 1401 dicta
1390 1380 1452 1413 que
1482 1368 1562 1402 Jura
1593 1381 1610 1402 a
1641 1374 1792 1415 tempore
1822 1381 1885 1415 quo
1914 1371 1967 1404 illa
1997 1383 2082 1417 pre-

221 1429 306 1461 l'utus
344 1427 494 1460 dominus
533 1431 649 1460 noster
687 1426 871 1472 imperator
906 1431 937 1459 et
966 1427 1043 1460 Rex
1073 1428 1210 1461 Boemie
1241 1428 1398 1462 condidit.
1444 1430 1651 1475 vsquemodo
1695 1442 1860 1476 nunquam
1904 1431 2081 1477 publicata,

220 1491 364 1522 intimata
397 1499 456 1521 seu
486 1490 641 1521 nunciata
673 1486 814 1521 fuerunt.
846 1498 908 1520 nec
939 1488 969 1521 in
1001 1488 1114 1522 'serris
1144 1488 1341 1524 Ciuitatibus
1372 1502 1431 1524 seu
1462 1490 1542 1524 soris
1572 1491 1703 1536 publice
1732 1492 1948 1537 proclamata.
1979 1492 2083 1526 Ideo—

220 1561 283 1594 que
314 1549 402 1582 Idem
433 1548 583 1582 dominus
612 1552 728 1582 noster
757 1548 943 1594 Imperator
972 1553 1003 1582 et
1032 1549 1107 1583 Rex
1137 1549 1273 1584 Boemie
1302 1554 1364 1584 rite
1393 1551 1552 1595 decreuit,
1591 1557 1621 1585 ct
1652 1556 1846 1586 auctoritate
1874 1553 1994 1598 Regia,
2039 1565 2083 1587 ex

221 1615 311 1643 certa
341 1613 488 1643 sciencia
519 1609 712 1643 declarauit.
744 1612 970 1655 semetipsum.
1001 1609 1084 1644 Nos.
1115 1615 1147 1644 et
1176 1621 1292 1645 omnes
1324 1611 1498 1657 Principes
1529 1624 1568 1645 ac
1599 1612 1750 1646 Bai-ones
1782 1624 1873 1655 suos.
1904 1625 1943 1647 ac
1972 1614 2082 1655 Regni

223 1674 252 1703 «ςὶ
284 1671 417 1704 Corone
447 1670 584 1704 Boemie
614 1669 814 1703 antedictos.
858 1680 949 1703 suos.
993 1676 1194 1716 nostrosque
1228 1675 1366 1718 insuper
1395 1678 1425 1706 et
1454 1666 1600 1719 ipsorum
1630 1673 1774 1707 heredes
1803 1679 1833 1708 et
1864 1685 2082 1709 successores

223 1736 383 1776 perpetuo
414 1731 453 1764 ad
484 1731 644 1764 dictorum
675 1733 791 1764 jurium
823 1730 1077 1764 obseruanciam
1108 1743 1172 1766 non
1202 1743 1280 1767 esse
1308 1734 1428 1778 ligatos
1458 1733 1703 1780 quomodolibet
1733 1735 1784 1768 uel
1814 1738 1983 1769 astrictos.
2015 1735 2082 1769 Sed

225 1794 338 1837 pocius
369 1792 495 1826 solutos
526 1803 604 1825 esse
634 1803 672 1825 ac
704 1791 825 1825 liberos
856 1791 895 1825 ab
926 1792 1065 1835 eisdem.
1110 1804 1244 1827 necnon
1281 1793 1320 1827 ab
1357 1794 1508 1828 omnibus
1548 1797 1733 1839 sentencijs
1771 1798 1903 1842 punctis
1933 1800 1964 1829 ct
1994 1800 2083 1830 arti-

225 1853 318 1895 culis,
349 1864 412 1898 que
441 1857 472 1886 et
503 1856 556 1897 qui
584 1855 616 1886 in
647 1852 742 1886 dictis
771 1857 865 1886 eraut
895 1852 1029 1887 Juribus
1059 1854 1306 1900 comprehensi,
1327 1855 1480 1901 quodque
1511 1861 1575 1889 tam
1604 1868 1691 1899 eum,
1721 1868 1818 1901 quam
1848 1868 1909 1891 nos
1939 1862 1969 1890 et
1999 1857 2082 1892 alios

225 1917 393 1959 principes
423 1925 461 1947 ac
490 1912 654 1956 Barones.
685 1924 829 1958 suosque
859 1924 897 1948 ac
926 1919 1061 1948 nostros
1097 1919 1129 1948 et
1166 1918 1313 1961 ipsorum
1344 1915 1485 1951 heredes
1515 1921 1547 1950 et
1577 1928 1798 1951 successores
1826 1920 1911 1952 sicut
1938 1922 2083 1964 premit-

226 1978 312 2015 titur.
344 1977 375 2007 in
406 1973 532 2007 honore
561 1978 659 2016 statu,
691 1977 843 2019 personis
882 1979 913 2008 et
950 1974 1045 2009 bonis
1084 1986 1292 2022 quecumque
1320 1988 1408 2023 pene
1437 1980 1468 2011 in
1498 1981 1580 2024 ipsis
1610 1977 1745 2012 Jurihus
1775 1989 1834 2013 seu
1864 1979 1952 2013 dicto
1981 1980 2084 2013 volu-

226 2038 314 2069 mine
343 2034 418 2068 olim
449 2039 482 2067 ut
511 2037 709 2080 premittitur
750 2036 959 2082 promulgate
1001 2039 1199 2081 contingere
1242 2037 1293 2071 uel
1337 2042 1453 2071 notare
1494 2049 1560 2072 non
1598 2041 1724 2084 possint
1762 2044 1816 2072 aut
1845 2039 1989 2074 debeant
2016 2041 2084 2074 vllo

226 2106 381 2141 vmquam
418 2100 566 2141 tempore
603 2097 722 2140 quouis
759 2096 856 2129 modo
887 2123 894 2130 .
925 2096 1073 2130 vttumve
1111 2100 1173 2142 ipsi
1212 2097 1343 2132 domino
1373 2103 1488 2132 nostro
1517 2098 1726 2145 Imperatori.
1757 2104 1790 2133 et
1818 2100 1905 2145 Regi
1934 2100 2083 2144 Boemie,

227 2155 321 2190 nobis
350 2160 383 2189 et
411 2156 483 2199 alijs
513 2155 731 2201 Principibus.
776 2167 814 2189 ac
845 2156 1041 2200 Baroutbus,
1085 2169 1217 2192 necnon
1247 2162 1328 2202 suis7
1372 2162 1496 2193 nostris
1527 2165 1557 2193 et
1586 2171 1701 2194 eorum
1731 2160 1910 2195 heredibus
1939 2166 1970 2195 et
2000 2173 2084 2196 suc-

227 2216 419 2251 cessoribus
449 2220 481 2250 in
511 2216 639 2250 honoro
668 2221 755 2251 statu
786 2221 940 2263 personis
970 2223 1023 2252 aut
1052 2217 1147 2253 bonis
1176 2220 1392 2266 preiudicium
1423 2231 1592 2265 generare
1623 2221 1868 2267 quomodolibet
1894 2222 1948 2256 vel
1969 2222 2084 2265 affere,

228 2277 310 2311 Nam
341 2282 373 2311 et
404 2277 493 2310 Idem
523 2277 674 2311 dominus
703 2282 820 2312 noster
847 2277 1034 2324 Imperator
1062 2284 1092 2313 et
1121 2279 1258 2314 Boemie
1287 2280 1364 2314 Rex
1394 2280 1489 2315 nobis
1519 2286 1551 2315 et.
1580 2281 1652 2326 alijS
1681 2282 1885 2328 principibus
1914 2294 1953 2316 ac
1972 2282 2082 2317 Baro-

229 2338 323 2372 nibus
352 2338 544 2384 sepedicti&
575 2342 764 2385 nostrisque
793 2344 825 2373 et
853 2350 969 2373 eorum
998 2339 1178 2375 heredibus
1198 2346 1230 2375 et
1256 2341 1510 2376 successoribus
1540 2342 1624 2377 bona
1655 2343 1718 2377 fide
1747 2346 1880 2389 pomisit
1909 2354 1968 2389 pro
1988 2355 2025 2377 se
2054 2348 2086 2378 et

229 2398 406 2433 heredibus
435 2403 468 2432 et
509 2400 761 2434 successoribus
805 2403 874 2434 suis
904 2399 1040 2434 Boemie
1069 2401 1220 2447 Regibus
1249 2407 1281 2436 et
1310 2406 1508 2437 auctoritate
1537 2403 1644 2448 Regia
1674 2407 1796 2446 statuit.
1827 2409 1858 2438 et
1888 2416 1947 2438 sua
1967 2404 2086 2449 Regali

229 2463 475 2494 constitucione
504 2466 665 2507 perpetuo
695 2461 852 2495 duratura
882 2464 1055 2496 sancciuit.
1086 2466 1121 2495 vt
1149 2465 1221 2509 ipse
1250 2463 1401 2498 dominus
1430 2468 1546 2498 noster
1573 2464 1760 2511 Imperator
1788 2469 1821 2498 et
1840 2465 1917 2499 Rex
1936 2465 2087 2507 Boemte,

232 2520 368 2566 Nosque
397 2526 429 2555 et
458 2521 511 2566 alij
542 2522 680 2567 predicti
709 2525 889 2569 principes,
933 2533 972 2556 ac
1007 2522 1159 2557 Barones
1202 2527 1253 2558 sui
1294 2536 1333 2558 ac
1371 2524 1481 2570 Regni
1520 2530 1551 2559 et
1580 2525 1711 2559 Corone
1740 2525 1878 2560 Boemie
1906 2525 2026 2560 subditi
2055 2531 2088 2560 et

231 2581 356 2616 fideles.
395 2585 522 2627 suique,
561 2586 666 2617 nostri
697 2588 729 2616 et.
758 2587 902 2629 ipsorum
946 2583 1088 2618 heredes
1132 2590 1165 2619 et
1206 2596 1427 2620 successores
1470 2591 1631 2633 perpetuo
1669 2589 1811 2632 antiquis
1847 2591 1879 2621 et
1917 2590 2085 2621 consuetis
